2942 4384
365 410 506 505 unqua.
522 443 683 538 punnsr.
706 446 855 506 nravrr.
877 456 1009 513 24-27.
1037 496 1039 500 .
1112 450 1174 513 313

204 601 331 673 Iupiter,
355 616 392 657 an
410 600 576 671 occideret,
605 615 642 658 an
663 600 860 673 retrogradus
877 607 959 660 esset
971 634 1014 646 -
1027 619 1095 662 nam
1114 604 1173 664 lroc

204 685 245 741 illi
265 697 375 741 nomen
396 684 560 756 inposuere
575 682 693 740 cedenti
708 715 751 725 —-
766 692 835 742 ante
851 700 967 757 paucos
982 702 1079 745 annos
1094 688 1170 747 didi-

204 766 310 824 cimus.
345 766 460 823 lnventr
474 773 559 836 sunt,
582 766 633 837 qui
649 765 738 824 nobis
754 766 902 824 dicerent:
924 770 1066 841 „erratis,
1088 772 1197 843 quod6

203 849 296 907 ullam
317 849 433 906 stellam
458 854 510 906 aut
534 848 723 920 supprimere
746 864 868 907 cursum
885 848 1024 909 iudicatis
1039 860 1090 911 aut
1105 869 1168 911 ver-

202 939 276 990 tero.
312 946 372 988 non
394 931 463 988 licet
483 937 563 989 stare
585 930 768 990 coelestibus
794 947 851 989 nec
875 932 989 991 averti:
1019 935 1171 1007 prodeunt

203 1012 316 1084 omnia,
340 1021 373 1071 ul
392 1013 485 1071 semel
500 1013 593 1071 missa
609 1020 692 1085 sunt,
714 1013 837 1072 vadunt.
866 1014 946 1073 idem
961 1016 1017 1073 erit
1029 1017 1086 1075 illis
1103 1033 1168 1077 cur-

202 1111 273 1167 suS,
293 1096 343 1168 qui
358 1096 404 1153 sui
419 1096 499 1153 linis.
521 1112 598 1167 opus
610 1095 670 1154 hoc
681 1104 835 1154 aeternum
848 1096 1068 1158 inrevocabiles
1079 1100 1170 1160 habet

201 1186 316 1236 motus:
341 1178 391 1251 qui
413 1178 438 1236 si
457 1179 578 1250 quando
595 1178 797 1249 constiterint,
819 1180 878 1237 alia
892 1196 930 1238 ex
945 1181 1011 1240 aliis
1027 1182 1167 1256 incident,

203 1276 283 1334 quae
303 1276 382 1354 nunc
402 1268 489 1318 tenor
509 1267 539 1318 et
558 1262 725 1333 aequalitas
748 1267 879 1322 servat.“
920 1262 995 1333 Quid
1019 1272 1066 1322 est
1086 1278 1196 1339 ergo,7

202 1358 257 1401 cur
277 1344 378 1415 aliqua
397 1347 531 1402 resistere
552 1343 739 1402 videantur?
771 1344 845 1403 solis
867 1360 1013 1404 occursus
1034 1349 1167 1420 speciem

200 1424 260 1483 illis
275 1426 421 1484 tarditatis
438 1426 554 1499 inponit
568 1433 597 1484 et
615 1433 721 1485 natura
736 1427 850 1485 viarum
867 1428 1109 1503 circulorumque
1124 1430 1168 1489 sic

201 1508 384 1582 positorum,
403 1516 435 1567 ut
449 1517 531 1567 certo
547 1516 683 1581 tempore
700 1510 848 1568 intuentes
865 1511 981 1569 lallant=
1002 1513 1047 1570 sic
1062 1528 1167 1585 naves

201 1591 341 1665 quamvis
359 1592 455 1664 plenis
472 1592 547 1649 velis
563 1598 646 1664 eant,
662 1592 801 1650 videnlur
813 1601 911 1651 tamen
924 1600 1013 1652 stare.
1042 1595 1105 1655 Eril
1117 1597 1168 1669 qui

200 1674 388 1733 demonstret
407 1675 585 1748 aliquando,
608 1675 636 1732 in
659 1674 769 1748 quibus
790 1684 927 1734 cometae
946 1677 1083 1750 partibus
1100 1694 1167 1737 cur·

198 1764 281 1828 rant,
300 1773 366 1815 cum
382 1763 441 1814 tam
457 1758 573 1815 seducti
589 1773 606 1814 a
621 1758 730 1816 ceteris
743 1766 851 1827 errent
869 1765 917 1829 [el]
931 1762 1033 1833 quanti
1047 1762 1167 1834 quales-

200 1855 261 1913 que
276 1840 343 1898 sint.
380 1840 515 1899 Contenti
530 1841 624 1898 simus
638 1838 784 1905 inventis:
807 1841 921 1915 aliquid
938 1842 1053 1902 veritali
1069 1851 1099 1903 el
1113 1860 1167 1917 po·

198 1923 272 1982 steri
289 1924 453 1982 conserant.
765 1933 769 1942 ·
833 1990 841 2002 .

262 2005 367 2063 XXVI.
400 2006 475 2078 „Per
495 2008 619 2077 stellaS‚'
637 2005 748 2080 inquit,
770 2003 913 2065 ulteriora
930 2024 989 2067 non
1007 2010 1193 2082 cernimus,l
1234 2025 1245 2054 ·'

198 2103 255 2163 per
276 2095 409 2147 cometas
431 2089 526 2146 aciem
547 2089 806 2149 transmittimus.“
841 2088 971 2148 Primum
991 2091 1017 2149 si
1034 2092 1165 2164 utillud,

199 2188 260 2230 non
283 2171 312 2229 in
333 2187 370 2228 ea
391 2179 476 2244 parte
497 2172 544 2243 m,
568 2190 628 2246 qua
647 2173 731 2231 sidus
753 2173 852 2245 ipsum
867 2179 914 2232 est
928 2174 1022 2246 spissi
1037 2174 1115 2247 ignis
1130 2190 1166 2233 ac

199 2254 305 2326 solidi,
330 2254 385 2312 sed
408 2271 467 2327 qua
487 2272 572 2313 rarus
596 2256 742 2329 splendor
764 2256 895 2313 excurrit
914 2256 944 2315 el
958 2256 987 2313 in
1007 2258 1105 2315 crines
1121 2258 1164 2315 di-

199 2337 364 2409 spergitur,
389 2352 442 2409 per
464 2338 619 2396 intervalla
639 2338 766 2410 ignium,
795 2354 855 2397 non
883 2354 937 2411 per
960 2338 1047 2413 ipsos
1068 2341 1165 2399 vides.

197 2418 344 2494 „Stellae,
360 2419 469 2491 inquit,
487 2437 591 2479 omnes
606 2422 755 2480 rotundae
770 2429 853 2493 sunt,
870 2432 1005 2481 cometae
1021 2423 1195 2496 porrecti:2

198 2518 236 2561 ex
251 2519 311 2575 quo
328 2502 453 2575 adparet
466 2504 568 2561 stellas
581 2519 639 2561 non
654 2508 754 2561 esse.“
790 2504 861 2575 Quis
873 2506 951 2561 enim
964 2507 1103 2565 concedit
1113 2505 1166 2564 tibi

198 2593 332 2643 cometas
349 2586 457 2658 longos
473 2593 563 2643 esset
592 2601 719 2659 quorum
734 2594 840 2644 natura
852 2587 988 2660 quidem,
1005 2596 1037 2646 ut
1052 2596 1165 2646 cetero-

195 2684 264 2726 rum
288 2669 441 2738 siderum,
470 2668 579 2741 globus
605 2674 671 2740 est,
702 2669 837 2726 'ceterum
863 2670 961 2741 lulgor
984 2671 1165 2729 extenditur.

197 2750 456 2823 Quemadmodum
473 2752 519 2810 sol
534 2751 637 2810 radios
653 2767 728 2810 suos
741 2751 830 2824 longe
842 2752 961 2825 lateque
974 2752 1100 2823 dimittit,
1117 2769 1165 2811 ee-

195 2841 294 2892 terum
314 2834 374 2906 ipsi
395 2835 454 2892 alia
475 2842 521 2892 est
543 2836 653 2906 lorma,
683 2834 742 2891 alia
760 2834 803 2905 ei,
833 2836 916 2906 quod
937 2851 976 2892 ex
1001 2835 1070 2907 ipso
1090 2836 1165 2908 fluit,

194 2916 319 2974 lumini:
352 2916 397 2975 sic
429 2925 611 2975 cometarum
647 2932 760 2989 corpus
790 2918 890 2989 ipsum
918 2920 1165 2990 conrotundatur‚

196 2998 343 3071 splendor
357 3006 455 3057 autem
470 3001 588 3072 longior
600 3016 690 3073 quam
702 3008 870 3059 ceterorum
883 2999 1017 3059 siderum
1029 3003 1165 3076 adparet.

258 3081 377 3139 xxvii,
407 3083 572 3153 ,‚Quarel“
596 3083 706 3156 inquis.
743 3082 797 3142 Dio
814 3090 845 3141 tu
862 3083 932 3140 mihi
948 3085 1058 3157 prius,¹
1071 3100 1191 3158 quarer

194 3164 266 3222 luna
287 3164 518 3223 dissimillimum
539 3165 596 3223 soli
617 3168 716 3223 lumen
740 3166 882 3238 accipiat,
912 3181 980 3224 cum
1001 3168 1165 3239 accipiata

194 3247 272 3305 sole.
306 3263 400 3319 quare
422 3249 512 3306 modo
534 3248 653 3318 rubeat,
676 3248 768 3306 modo
790 3249 909 3321 palleat.
944 3265 1037 3321 quare
1052 3250 1163 3307 lividus

194 3328 235 3386 illi
252 3335 282 3388 et
296 3338 360 3387 ater
375 3332 459 3389 color
475 3330 526 3401 sit,
544 3346 610 3388 cum
627 3332 881 3402 conspectusolis
894 3331 1071 3389 excluditur.
1110 3332 1192 3396 Dice

193 3412 281 3484 mihi,
309 3429 403 3487 quare
424 3429 529 3471 omnes
552 3415 656 3472 stellae
680 3414 757 3471 inter
776 3429 811 3471 se
832 3413 1009 3472 dissimilem
1034 3414 1163 3473 habeant

193 3495 387 3567 aliquatenus
410 3497 532 3568 faciem,
556 3496 795 3555 diversissimam
816 3498 882 3564 soli.
918 3498 1071 3569 quomodo
1090 3496 1162 3554 nihil

194 3578 335 3652 prohibet
354 3579 412 3637 ista
432 3579 533 3637 sidera
554 3594 639 3651 esse,
662 3580 802 3653 quamvis
824 3580 932 3637 similia
947 3594 1008 3637 non
1023 3581 1095 3653 sint,
1118 3580 1163 3637 sic

194 3660 266 3718 nihil
289 3661 430 3735 prohibet
449 3670 582 3722 cometas
603 3670 744 3722 aeternos
765 3678 836 3723 esse
857 3670 888 3722 et
907 3662 998 3722 sortis
1016 3662 1162 3736 eiusdem,
