2942 4384
316 458 378 521 216
598 458 633 517 L.
654 456 800 517 ANNAEI
822 455 997 517 SENECAE

316 608 428 687 pidem.
462 606 611 683 quaedam
631 614 753 679 tennes,
776 605 924 679 quaedam
946 599 1103 679 pingues]
1137 606 1289 680 quaedam

316 695 414 764 alunt,
438 691 587 766 quaedam
610 691 677 749 sine
697 690 760 747 ulla
780 688 910 748 bibentis
925 704 985 764 ope
999 695 1172 763 transeunt,
1196 706 1290 770 quae-

317 776 386 835 dam
402 776 529 834 haustae
545 773 758 832 fecunditatem
773 773 921 831 adierunt.

379 860 428 918 lll.
449 858 494 917 Ut
516 864 597 916 stet
617 871 717 929 aqua
738 855 800 914 vel
823 855 934 928 fluat,
956 853 1016 913 loci
1040 855 1153 928 positio
1180 856 1288 917 elficit=

316 942 345 999 in
362 942 481 1000 devexo
497 939 576 1012 fluit,
592 940 620 998 in
637 940 727 1012 plano
746 939 916 997 continetur
928 944 957 997 et
972 944 1100 1011 stagnat.
1122 940 1288 1013 aliquando

238 1015 242 1023 ’
317 1027 347 1085 in
368 1025 530 1083 adversum
556 1022 662 1097 spiritu
682 1021 847 1096 inpellitur:
874 1028 945 1079 tune
971 1021 1103 1095 cogitur,
1127 1038 1189 1081 non
1212 1022 1287 1083 fluit.

229 1162 230 1166 ,
317 1106 517 1180 colligitur
539 1121 577 1163 ex
599 1104 755 1164 imbribus.
788 1119 832 1162 ex
855 1120 923 1163 suo
945 1104 1052 1163 sonte
1073 1108 1210 1165 nativa
1231 1114 1287 1165 est.

316 1190 389 1249 nibil
410 1197 510 1248 tamen
534 1188 674 1262 prohibet
693 1187 801 1246 eodem
818 1187 887 1246 loco
903 1202 1014 1262 aquam
1029 1186 1130 1260 colligi
1147 1195 1178 1247 et
1191 1190 1287 1261 nasci,

318 1272 401 1347 quod
422 1273 451 1330 in
475 1273 588 1331 Fucino
610 1272 765 1343 videmus,
791 1269 821 1328 in
847 1286 937 1344 quern
962 1276 1080 1329 montes
1103 1270 1288 1330 circumiecti

318 1355 463 1429 quicquid
478 1355 554 1415 ludit
565 1354 668 1429 pluvia
683 1354 837 1424 derivant,
852 1354 908 1412 sed
922 1368 1051 1426 magnae
1062 1353 1092 1410 in
1108 1352 1177 1428 ipso
1192 1355 1286 1414 laten·

316 1446 425 1512 tesque
446 1432 543 1497 ve'nae
564 1443 642 1496 sunt.
670 1435 773 1511 itaque
792 1435 880 1495 etiam
901 1452 969 1496 cum
990 1435 1105 1495 hiberni
1127 1436 1288 1496 defluxere

315 1531 483 1593 torrentes,
499 1522 606 1581 faciem
623 1536 709 1580 suam
725 1527 836 1579 servat.

380 1606 429 1664 lV.
460 1604 618 1662 Primum
640 1618 730 1675 ergo
754 1617 1001 1677 quaeramus,
1028 1603 1220 1678 quomodo
1242 1603 1287 1661 ad

317 1687 606 1746 continuandos
635 1686 836 1744 llumInum
861 1701 1002 1746 cursus
1034 1693 1140 1745 terra
1171 1686 1286 1745 sulii·

317 1772 407 1841 ciat,
422 1770 522 1829 unde
537 1776 684 1828 tantum
699 1776 1014 1843 aquarumexeat.
1034 1768 1188 1843 Miramur,
1203 1768 1287 1844 quod

315 1852 526 1912 accessionem
543 1851 699 1910 fluminum
714 1853 808 1910 maria
821 1868 881 1911 non
897 1853 1042 1912 sentiant=
1063 1868 1163 1927 aeque
1177 1854 1286 1911 miran-

316 1936 387 1993 dum
410 1944 469 2009 est,
493 1936 575 2010 quod
598 1936 806 1995 detrimentum
829 1936 1001 1995 exeuntium
1016 1942 1170 1995 terranon
1188 1937 1286 1996 sentit.

318 2018 390 2091 quid
407 2028 469 2092 est,
493 2019 577 2093 quod
591 2018 672 2077 illam
689 2026 740 2078 aut
754 2019 800 2077 sic
815 2017 990 2091 inpleverit,
1011 2025 1044 2077 ut
1060 2019 1208 2092 praebere
1222 2027 1285 2079 tan·

314 2107 377 2161 tum
391 2118 429 2160 ex
440 2102 597 2161 recondito
610 2102 721 2176 possit,
733 2108 785 2160 aut
796 2102 926 2160 subinde
938 2102 982 2161 sic
994 2101 1157 2175 suppleat?
1177 2102 1287 2176 Quam-

319 2199 448 2259 cumque
468 2186 615 2243 rationem
634 2184 856 2243 reddiderimus
880 2186 919 2244 de
941 2184 1079 2258 flumine,
1101 2186 1210 2245 eadem
1232 2186 1287 2245 erit

316 2264 448 2326 rivorum
464 2284 499 2325 ac
515 2268 650 2325 sontium.

378 2351 416 2407 V.
438 2350 563 2422 Quidam
586 2350 719 2408 iudicant
741 2357 863 2423 terram,
885 2349 1030 2426 quicquid
1052 2356 1200 2425 aquarum
1214 2348 1284 2409 emi·

316 2430 369 2502 sit,
394 2448 500 2492 rursus
518 2434 659 2506 accipere
676 2440 705 2491 et
718 2430 757 2491 ob
772 2433 831 2493 hoc
851 2450 907 2492 nee
927 2435 1022 2493 maria
1036 2448 1191 2504 crescere,
1215 2434 1286 2507 quia

316 2516 399 2590 quod
411 2515 544 2591 influxit,
561 2532 620 2575 non
634 2517 661 2574 in
676 2532 764 2575 suum
776 2523 908 2590 vertunt,
925 2519 980 2577 sed
995 2516 1133 2591 protinus
1143 2516 1284 2577 reddunt.

314 2602 433 2659 occulto
449 2602 527 2660 enim
543 2600 648 2659 itinere
664 2599 745 2659 subit
764 2607 860 2659 terras
881 2607 911 2658 et
932 2602 1031 2675 palam
1047 2600 1142 2672 venit,
1164 2607 1283 2659 secreto

313 2683 488 2757 revertitur,
512 2684 689 2757 colaturque
706 2683 877 2743 intransitu
897 2699 994 2756 mare,
1018 2684 1099 2758 quod
1116 2698 1172 2757 per
1187 2684 1283 2741 multi·

315 2767 411 2840 pliees
425 2774 571 2826 terrarum
585 2769 738 2825 anfractus
752 2766 941 2825 verberatum
957 2766 1184 2825 amaritudinem
1201 2766 1284 2840 ponit

314 2856 343 2907 et
365 2850 541 2922 pravitatem
564 2849 709 2924 [saporis]
731 2849 761 2908 in
781 2855 864 2909 tanta
878 2849 936 2909 soli
951 2849 1096 2909 varietate
1112 2848 1197 2909 exuit
1211 2858 1241 2908 et
1253 2851 1281 2908 in

315 2931 464 2989 sinceram
479 2948 590 3004 aquam
607 2932 723 2991 transit.

283 3028 298 3080 1
375 3014 426 3070 Vl.
450 3013 575 3087 Quidam
599 3014 784 3087 existimant,
809 3015 953 3089 quiequid
976 3030 1014 3074 ex
1036 3014 1184 3075 imbribus
1204 3021 1284 3074 terra

253 3155 256 3161 κ
314 3096 459 3171 concipit,
472 3097 511 3155 ad
522 3098 582 3155 ima
594 3096 670 3156 trahi
683 3104 712 3155 et
722 3101 754 3157 in
763 3101 890 3171 flumina
901 3115 1008 3158 rursus
1020 3099 1112 3157 emitti
1124 3104 1155 3156 et
1166 3098 1225 3157 hoc
1236 3115 1282 3156 ar·

313 3180 445 3253 gumenti
465 3181 533 3240 loco
545 3186 676 3254 ponunt,
698 3180 780 3254 quod
795 3180 951 3240 rarissima
968 3181 1091 3239 flumina
1106 3188 1177 3241 sunt
1193 3182 1222 3239 in
1236 3181 1282 3240 his

282 3264 388 3328 oloois
402 3264 511 3338 quibus
523 3280 610 3323 rarus
622 3271 669 3323 est
679 3264 785 3323 imber.
807 3263 880 3322 ldeo
897 3264 997 3324 siccas
1008 3266 1091 3324 aiunt
1101 3264 1283 3338 Aethiopiae

314 3348 492 3406 solitudines
504 3362 575 3406 esse
587 3345 900 3421 paucosqueinveniri
911 3349 940 3405 in
953 3348 1205 3407 interioreAlrica
1217 3349 1282 3408 lon·

314 3438 369 3502 tes,
385 3431 456 3504 quia
471 3430 587 3487 iervida
601 3437 708 3489 natura
723 3430 799 3489 coeli
813 3428 852 3489 sit
867 3436 897 3488 et
913 3446 1011 3504 paene
1024 3446 1146 3505 semper
1157 3431 1282 3490 aestiva.

313 3514 473 3587 squalidae
495 3514 597 3586 itaque
619 3514 685 3571 sine
700 3514 824 3584 arbore,
847 3514 913 3573 sine
928 3515 1043 3573 cultore
1058 3530 1170 3574 arenae
1184 3514 1284 3573 iacent

312 3596 391 3654 raris
408 3595 555 3656 imbribus
571 3612 714 3669 sparsae,
736 3613 815 3671 quos
831 3597 930 3656 statim
946 3596 1119 3656 conbibunt.
1153 3599 1195 3656 At
1209 3612 1282 3655 con-

312 3683 359 3736 tra
374 3686 494 3739 constat
509 3680 697 3739 Germaniam
713 3687 743 3740 et
757 3680 882 3739 Galliam
896 3687 926 3738 et
941 3679 1080 3754 proxime
1094 3680 1133 3740 ab
1150 3681 1208 3739 illis
1225 3681 1284 3739 lta·
