2942 4384
1201 387 1219 425 Ι

427 490 478 552 DE
499 488 711 551 Banautctts
732 488 852 549 Liatt.
874 498 1006 554 26—29·
1161 489 1202 553 31

291 641 428 701 XXVIII.
450 639 632 701 Omnibus
651 640 711 700 his
732 640 1002 701 vehementius
1017 650 1052 702 et
1068 642 1230 717 inpar-1

227 724 365 786 tunius
386 726 521 782 malum
541 722 775 796 esIInvidIa,
798 739 896 798 quae
911 740 979 784 nos
994 724 1202 798 inquietat,

230 810 317 868 dum
339 814 543 881 conparat:
567 806 646 880 „hoc
662 806 732 865 mihi
749 806 912 881 praestitit,
927 807 982 867 sed
999 807 1039 866 illi
1052 809 1130 882 plus,
1146 809 1203 868 sed

230 890 274 951 illi
298 891 478 950 maturius.“
514 897 543 949 et
567 890 677 949 deiude
701 890 813 949 nullius
839 906 961 950 causam
987 889 1067 964 agit,
1098 900 1205 951 eontra

232 989 341 1034 omnes
357 972 416 1033 silii
431 974 521 1033 iavet
555 972 672 1045 Quanto
683 979 732 1032 est
746 973 929 1047 sImpliciuS,
945 981 1058 1047 quanto
1071 975 1203 1049 pruden-

230 1057 292 1116 tius
306 1057 489 1115 beneficIum
504 1064 662 1130 acceptum
677 1054 805 1130 augere,
827 1056 907 1115 scire
919 1057 1068 1116 nemiuem
1080 1058 1153 1118 tanti
1165 1058 1203 1117 ab

232 1140 292 1199 alio
319 1138 425 1213 quanti
446 1155 465 1198 a
486 1155 521 1199 se
540 1137 610 1213 ipso
632 1139 804 1197 aestimarit
837 1139 928 1213 „Plus
947 1140 1088 1214 accipere
1103 1140 1232 1215 debuia

233 1222 291 1281 sed
312 1222 354 1281 illi
377 1222 465 1282 facile
485 1238 546 1283 non
569 1222 624 1281 luit
645 1223 713 1295 plus
736 1222 819 1281 dare.
848 1223 877 1281 in
903 1224 1013 1282 multos
1039 1223 1205 1283 dividenda

230 1304 398 1365 liberalitas
414 1312 487 1365 erat.
509 1305 569 1365 hoc
585 1304 700 1365 initium
713 1312 775 1377 est,
797 1305 870 1364 boni
884 1307 1080 1365 consulamus
1096 1314 1126 1366 et
1140 1308 1203 1365 ani-

231 1405 314 1466 mum
331 1389 397 1447 eius
412 1396 497 1463 grate
511 1389 693 1463 excipiendo
709 1403 883 1447 evocemus.
916 1404 1021 1463 parum
1039 1388 1123 1459 iecit,
1147 1390 1204 1447 scd

231 1470 359 1546 saepius
375 1473 471 1532 saciet.
489 1473 570 1531 illum
585 1471 657 1530 mihi
673 1472 822 1545 praetulit,
837 1478 868 1531 ot
880 1488 929 1530 me
946 1471 1056 1530 multis.
1078 1472 1128 1530 ille
1142 1488 1202 1531 non

231 1562 280 1615 est
296 1554 371 1613 milri
390 1572 444 1629 par
458 1555 618 1615 virtutibus
634 1571 690 1613 nec
705 1555 831 1628 ciliciis,
854 1556 908 1615 sed
925 1555 1029 1614 habuit
1042 1571 1129 1614 suam
1142 1557 1203 1613 Ve-

231 1653 348 1697 nerem.
371 1640 527 1711 querendo
542 1655 602 1698 non
619 1638 764 1709 ciliciam,
787 1645 821 1697 nt
834 1638 1001 1698 maioribus
1013 1638 1123 1711 dignus
1136 1638 1202 1710 sim,

233 1722 292 1782 sed
311 1729 345 1781 ut
366 1721 445 1781 datis
466 1722 617 1795 indignus.
650 1722 735 1795 plura
756 1720 814 1781 illis
832 1721 1004 1780 hominibus
1020 1721 1203 1795 turpissimis

232 1805 305 1865 data
328 1812 415 1864 sunt:
438 1806 510 1879 quid
532 1806 571 1863 ad
591 1812 677 1863 remi
703 1820 794 1879 quam
814 1821 884 1865 raro
906 1806 1024 1865 lortuna
1045 1804 1203 1864 ludIcat?“

233 1887 352 1947 CotidIe
368 1890 522 1963 querimur
537 1889 634 1947 malos
652 1904 722 1947 esse
737 1888 857 1947 felices:
880 1904 976 1962 saepe
993 1903 1072 1962 quae
1087 1890 1231 1962 agellosa

231 1971 362 2045 pessimi
377 1972 526 2046 cuiusque
539 1971 713 2042 transierat,
731 1972 912 2045 optimorum
925 1971 1056 2030 virorum
1068 1981 1202 2045 segetem

230 2054 350 2129 grando
369 2055 527 2128 percussit.
553 2055 610 2114 lert
625 2061 736 2114 sortem
754 2070 839 2114 suam
856 2054 987 2128 quisque
1002 2055 1079 2113 utin
1095 2055 1203 2113 ceteris

230 2138 326 2197 rebus
339 2138 380 2197 ita
391 2138 421 2197 in
432 2138 580 2198 amicitiis.
614 2138 733 2197 Nullum
747 2145 794 2197 est
805 2145 863 2196 tam
878 2139 999 2211 plenum
1012 2135 1232 2207 beneficiumt

232 2221 319 2295 qnod
341 2237 403 2280 non
423 2222 565 2281 vellicare
586 2220 757 2295 malignitas
780 2220 897 2295 possit,
927 2222 1039 2279 nullum
1063 2228 1123 2279 tarn
1151 2236 1202 2278 an-

231 2311 371 2379 gustum,
395 2306 478 2379 quod
493 2321 554 2364 non
569 2305 669 2363 bonus
684 2305 833 2378 interpres
849 2305 1001 2363 extendat.
1033 2303 1203 2378 Numquam

232 2388 363 2448 deerunt
384 2404 496 2448 causae
518 2387 680 2463 querendi,
703 2388 729 2446 si
750 2387 898 2446 beneficia
919 2388 1103 2447 adeleriore
1117 2394 1203 2462 parte

233 2472 434 2547 spectaveris.

296 2554 402 2614 XXIX.
430 2554 510 2614 Vide
534 2571 624 2629 quam
649 2555 743 2630 iniqui
769 2556 828 2615 sint
850 2555 1021 2615 divinorum
1045 2561 1230 2613 muneruml

232 2636 443 2698 aestimatores
464 2646 493 2698 et
514 2640 635 2712 quidem
652 2637 787 2714 professi
801 2639 989 2711 sapientiam.
1026 2645 1202 2710 queruntur,

233 2721 317 2795 quod
339 2738 400 2781 non
422 2720 628 2796 magnitudIne
647 2736 810 2796 corporum
830 2736 997 2793 aequemus
1013 2718 1202 2791 elephantos,

232 2804 396 2865 velocitate
411 2820 536 2878 cervos,
557 2806 677 2865 levitate
692 2820 781 2875 aves,
801 2804 907 2877 inpetu
917 2810 1032 2863 tauros.
1055 2803 1139 2876 quod
1152 2818 1202 2861 so-

233 2885 324 2946 lidior
344 2888 384 2948 sit
404 2889 481 2948 cutis
502 2889 617 2960 beluis,
646 2889 803 2948 decentior
823 2887 937 2960 damis,
966 2886 1091 2946 densim
1113 2887 1203 2957 ursis,

233 2971 354 3031 mollior
368 2971 462 3030 fibris.
486 2972 570 3047 quod
586 2973 750 3045 sagacitate
765 2986 823 3030 nos
838 2971 956 3031 narium
968 2986 1061 3030 canes
1074 2970 1203 3041 vineant,

235 3053 317 3126 quod
338 3055 404 3113 acie
425 3055 569 3115 luminum
589 3056 724 3129 aquilae,
752 3058 852 3130 spatio
868 3053 974 3117 aetatiS
990 3053 1088 3123 corvi,
1113 3054 1203 3112 inulta

235 3138 375 3195 animalia
389 3139 481 3198 nandi
496 3138 646 3198 facilitate.
681 3139 800 3198 Etcum
816 3139 965 3212 quaedam
984 3154 1023 3197 ne
1039 3138 1121 3196 coire
1137 3136 1232 3208 qui-2

237 3218 303 3277 dcm
318 3221 349 3279 in
366 3220 445 3281 idem
460 3229 567 3282 natura
584 3222 728 3296 patiatur,
749 3230 782 3282 ut
797 3222 985 3280 velocitatem
998 3235 1162 3292 corporum
1174 3224 1204 3275 et

237 3302 331 3379 vlres,
355 3319 394 3363 ex
417 3306 547 3365 diversis
567 3321 603 3363 ac
623 3305 842 3365 dissidentibus
864 3304 953 3362 bonis
972 3302 1125 3362 hominem
1142 3315 1203 3359 non

238 3400 305 3445 esse
325 3389 520 3466 conpositum
543 3387 679 3448 iniuriam
703 3395 814 3448 vocant
838 3395 868 3446 et
891 3388 1086 3460 neglegentes
1108 3383 1203 3442 nostri

239 3468 327 3545 deos,
351 3472 435 3546 quod
451 3487 511 3530 nou
524 3472 605 3532 bona
617 3472 751 3531 valitudo
763 3472 851 3530 etiam
863 3470 943 3529 vitiis
959 3465 1203 3543 inexpugnabilis

241 3550 304 3613 dala
325 3553 380 3627 sil,
404 3555 487 3628 qnod
505 3572 566 3614 non
588 3556 680 3614 Iuturi
701 3553 838 3613 scientia.
873 3554 924 3612 vix
946 3552 1004 3611 sibi
1025 3558 1203 3625 temperant,

241 3636 306 3709 quin
321 3654 361 3697 co
376 3654 477 3711 usque
493 3638 688 3713 inpudentiae
702 3638 921 3712 provehantur,
937 3644 970 3695 ut
983 3641 1118 3694 naturam
1131 3634 1203 3693 ode-

240 3718 307 3796 rint,
337 3722 422 3796 quod
443 3720 520 3781 inlra
542 3721 618 3782 deos
640 3734 762 3793 sumus,
790 3722 872 3795 quod
894 3737 955 3780 non
975 3719 1006 3778 in
1027 3734 1125 3794 aequo
1146 3717 1204 3776 illis
