2942 4384
419 452 470 515 DE
481 452 693 514 Bstmllctls
715 452 788 516 LlB.
801 453 853 511 lv.
876 460 1009 517 14-17,
1162 451 1205 513 6⁹

232 621 297 666 non
315 603 482 673 accideret,
498 602 557 662 nisi
571 619 629 662 nos
643 601 713 677 ipsa
728 602 915 662 delectarent
928 601 1085 661 beneficia.
1110 602 1237 675 Quam3

234 704 333 763 saepe
348 688 497 746 dicentem
508 686 632 747 audias:
650 702 731 758 „non
745 686 881 744 sustineo
894 686 976 744 illum
991 685 1144 757 deserere,
1157 686 1206 745 cui

235 773 309 833 dedi
322 771 429 842 vitam,
453 785 544 843 quem
565 768 701 843 periculo
718 769 825 841 eripui.
859 776 947 842 rogat
964 784 1013 826 me
1034 776 1067 827 ut
1081 784 1206 827 causam

236 870 325 922 suam
346 860 452 912 contra
471 851 609 911 homines
630 853 784 925 gratiosos
808 868 905 925 agam.
942 852 1029 910 nolo:
1056 852 1112 911 sed
1133 851 1207 923 quid

237 938 369 997 faciam?
389 936 449 994 iam
469 936 510 993 illi
531 936 626 994 semel
646 936 816 1009 iterumque
837 936 951 998 adlui.“
972 935 1037 993 Non
1058 935 1145 993 vides
1163 935 1207 992 in-

237 1036 311 1082 esse
325 1020 375 1079 isti
389 1018 435 1077 rei
448 1021 608 1077 maximam
624 1019 787 1091 quamdam
801 1019 877 1088 vini,
897 1034 975 1092 quae
990 1034 1047 1077 nos
1066 1018 1140 1076 dare
1157 1018 1208 1075 be·

237 1105 310 1163 ficia
325 1101 425 1175 cogit?
448 1101 577 1174 primum
592 1102 663 1175 quia
677 1107 811 1175 oportet,
834 1101 944 1160 deinde
967 1102 1038 1174 quia
1058 1100 1208 1159 dedimus.

239 1186 295 1246 Cui
316 1185 400 1244 initio
422 1185 497 1244 ratio
518 1200 579 1242 non
600 1185 709 1243 luisset
729 1185 906 1258 praestandi
920 1185 1049 1257 aliquid,
1072 1184 1101 1242 ei
1122 1196 1240 1257 prae-l

240 1275 359 1330 stamus
376 1268 414 1326 ob
426 1267 502 1339 hoc,
523 1270 593 1341 quia
609 1269 824 1340 praestitimus.
850 1269 992 1341 adeoque
1006 1268 1046 1326 ad
1059 1267 1210 1324 beneficia

239 1368 298 1411 nos
313 1367 376 1411 non
390 1349 506 1424 inpellit
519 1350 645 1422 utilitas
661 1357 693 1409 ut
707 1359 736 1409 et
750 1351 865 1408 inutilia
878 1351 955 1409 tueri
970 1365 1006 1408 ae
1021 1350 1126 1407 fovere
1142 1364 1209 1422 per-

240 1450 421 1495 severemus
446 1436 514 1493 sola
532 1433 832 1505 beneficii-caritate,
869 1433 918 1491 etti
935 1435 1022 1491 etiam
1052 1432 1212 1490 infeliciter

239 1524 311 1578 nato
328 1516 485 1589 indulgere
499 1524 559 1575 tam
575 1518 709 1575 natmale
725 1533 815 1589 quarn
830 1513 933 1574 liberis
950 1514 1063 1589 parvis.

303 1599 385 1658 XVl.
415 1600 533 1658 lidem
560 1599 625 1658 isti
653 1601 814 1672 gratiam
846 1600 994 1658 reterre
1017 1599 1130 1673 ipsos
1149 1598 1242 1655 'ia-1

240 1689 389 1755 tantur,
411 1698 485 1741 non
502 1680 895 1755 quiahonesturnest‚
918 1683 985 1741 sed
1004 1682 1212 1757 quiautile.

243 1767 347 1841 quod
368 1781 443 1825 non
467 1780 558 1823 esse
583 1765 636 1824 ita
657 1766 804 1825 minore
831 1780 951 1839 opera
976 1766 1213 1839 probandum

243 1856 319 1921 est,
353 1847 444 1920 quia
471 1841 612 1921 quibus
639 1848 877 1921 argumentis
900 1848 1133 1921 collegimus
1156 1847 1213 1906 be·

243 1930 428 1991 nel'icium
450 1930 541 1990 dare
564 1946 632 2004 per
660 1947 700 1990 se
724 1948 801 1990 rein
828 1932 1084 2003 expetendam
1115 1945 1213 2001 csse,

243 2016 367 2075 isdem
389 2014 499 2072 etiam
519 2013 591 2071 hoc
618 2014 851 2087 colligimus.
891 2014 997 2071 Fixum
1017 2019 1065 2071 est
1084 2014 1173 2082 illud,
1196 2017 1245 2069 at

245 2114 308 2173 quo
326 2098 357 2155 in
372 2103 473 2155 cetera
487 2096 684 2169 probationes
705 2103 827 2155 nostrae
843 2102 968 2165 exeunt,
991 2095 1152 2153 honestum
1174 2094 1213 2152 ob

244 2182 360 2240 nullum
385 2180 474 2237 aliam
501 2194 642 2252 eausam,
665 2180 847 2253 quamquia
871 2179 1031 2238 honestum
1055 2179 1108 2251 sit,
1145 2178 1214 2235 coli.

246 2264 321 2337 Quis
336 2278 409 2335 ergo
424 2262 660 2322 controversiam
677 2265 779 2321 lacere
794 2263 932 2335 audebit,
955 2278 993 2319 an
1010 2269 1127 2335 gratum
1143 2275 1215 2319 esse

245 2349 411 2406 honestum
424 2344 484 2403 sill
512 2343 581 2418 quis
606 2361 666 2403 non
689 2344 837 2418 ingratum
859 2346 1039 2417 detestetur,
1063 2345 1215 2403 hominem

246 2428 379 2502 sibiipsi
395 2428 549 2486 inutilem?
571 2427 649 2499 Quid
663 2436 786 2487 autem?
803 2445 871 2488 oum
886 2428 938 2486 tibi
954 2437 1092 2487 narratur
1107 2428 1214 2485 adver·
1233 2492 1238 2497 ,

247 2528 301 2571 sus
316 2525 436 2571 summa
450 2510 597 2568 beneficio
613 2511 700 2569 amici
721 2511 769 2570 sui
791 2512 925 2585 ingratus
947 2527 1033 2584 esse,
1060 2509 1215 2584 quomodo

248 2596 278 2654 id
293 2594 422 2653 lecerit‘l
438 2599 536 2652 ulrum
555 2600 709 2667 tamquam
728 2610 792 2651 rem
818 2602 936 2667 turpem
958 2596 1062 2652 lecerit
1082 2610 1120 2650 an
1143 2600 1216 2650 tam-

249 2693 341 2751 quam
356 2692 421 2733 rem
434 2676 535 2733 utilem
550 2676 606 2734 sibi
623 2684 653 2735 et
667 2678 856 2749 profuturam
871 2676 1026 2733 omiserit?
1060 2682 1149 2746 puto,
1165 2688 1217 2730 ne

249 2776 342 2835 quam
363 2758 514 2817 hominem
535 2759 707 2829 existimem,
731 2760 779 2818 cui
801 2774 914 2831 poena,
938 2773 998 2814 non
1014 2757 1063 2816 cui
1079 2763 1219 2815 curatore

250 2858 330 2917 opus
352 2840 400 2900 sit.
434 2842 517 2914 quod
538 2857 598 2899 non
620 2842 786 2913 accideret,
809 2842 866 2901 nisi
887 2849 1003 2914 gratum
1025 2857 1096 2900 esse
1114 2855 1167 2914 per
1184 2853 1219 2896 se

250 2924 458 2999 expetendum
472 2924 695 2997 honestumque
710 2933 803 2984 esset.
834 2925 902 2983 Alia
918 2926 1049 2984 fortasse
1064 2925 1162 2982 minus
1176 2921 1219 2980 di·
1234 2927 1251 2980 3

249 3009 396 3083 gnitatem
417 3023 501 3066 suam
525 3009 699 3080 praeierunt
718 3017 748 3068 et
768 3024 805 3066 an
832 3008 891 3066 sint
911 3007 1040 3066 honesta
1057 3007 1221 3079 interprete

251 3097 358 3165 egent:
376 3090 435 3148 hoc
447 3091 678 3163 expositumest
689 3091 915 3163 pulchriusque,
932 3106 1020 3163 quam
1032 3097 1064 3147 ut
1076 3087 1221 3161 splendor

251 3176 318 3233 eius
342 3172 434 3232 dubie
455 3188 492 3231 ac
513 3189 620 3247 parurn
639 3174 748 3232 lucent.
784 3173 862 3244 Quid
879 3181 937 3231 tarn
958 3172 1123 3241 laudabile,
1147 3170 1234 3243 quid'

252 3265 312 3316 tam
328 3255 494 3328 aequaliter
509 3257 539 3314 in
555 3257 687 3315 omnium
701 3258 819 3315 animos
834 3259 991 3326 receptum
1004 3269 1094 3327 quum
1107 3253 1222 3310 reterre

251 3338 460 3398 benemeritis
477 3338 629 3410 gratiana.
842 3337 846 3341 ’

314 3420 408 3480 XVll.
436 3421 486 3479 Ad
507 3422 581 3494 hoc,
605 3422 654 3481 dic
675 3419 760 3490 mihi,
782 3434 861 3492 quae
882 3435 975 3478 causa
990 3434 1048 3478 nos
1064 3418 1253 3491 perducit‘ll

250 3506 394 3564 lucrum?
417 3504 500 3575 quod
519 3505 646 3579 quinon
662 3502 832 3573 contemnit,
848 3502 983 3575 ingratus
998 3511 1054 3561 est.
1079 3500 1224 3559 artrbitiot

253 3595 283 3647 et
299 3601 379 3659 quae
393 3585 514 3644 iactatio
529 3594 577 3645 est
591 3586 722 3646 solvisse
739 3587 820 3665 quod
838 3585 994 3644 debebas?
1018 3590 1137 3642 metus?
1158 3584 1223 3641 nul·

252 3671 303 3730 lus
317 3668 451 3743 ingrato:
474 3668 543 3732 huic
557 3670 636 3729 enim
651 3670 702 3730 uni
716 3669 761 3728 rei
774 3685 835 3727 non
849 3666 1010 3743 posuimus
1021 3668 1135 3741 legem,
1150 3676 1223 3728 tam-
