2942 4384
269 441 310 506 74
534 446 569 509 L.
590 447 736 506 ANNAEI
760 446 935 507 SENECAE

268 595 470 671 pulcherrima
486 611 628 670 quaeque
649 596 751 655 multis
772 595 997 657 etadventiciis
1013 595 1160 662 comitata
1174 608 1242 662 sunt

235 729 237 733 .
267 680 404 750 dotibuS,
422 679 477 739 sed
494 678 561 737 illas
576 679 712 749 trahunt,
727 680 796 752 ipsa
813 680 1009 752 praecedunt.

239 769 254 821 1
327 763 432 825 XXlll.
466 762 543 821 Num
565 762 688 820 dubium
715 770 763 821 est
785 763 857 836 quin
887 762 946 820 hoc
970 763 1096 824 humani
1120 765 1241 839 generis

266 845 451 906 domicilium
467 845 609 903 circuitus
624 844 698 903 solis
714 861 750 904 ac
765 847 854 904 lunae
867 844 983 905 vicibus
996 846 1061 906 suis
1075 854 1242 922 temperet!

164 927 167 932 ’
267 928 339 1003 quin
360 928 483 987 alterius
506 928 608 986 calore
631 928 749 986 alantur
772 944 913 1003 corpora,
936 937 1035 988 terrae
1055 930 1241 1006 relaxentur,

265 1010 408 1070 inmodici
423 1010 565 1068 humores
581 1012 823 1083 conprimuntur,
840 1010 1002 1084 adligantis
1017 1014 1119 1072 omnia
1134 1013 1241 1074 litenis

265 1093 384 1154 tristitia
405 1093 575 1166 frangatur:
597 1094 721 1153 alterius
743 1101 848 1167 tepore
868 1095 986 1153 el'iicaci
1010 1101 1040 1154 et
1061 1095 1241 1169 penetrabili

265 1184 387 1250 regatur
402 1178 555 1235 maturitas
570 1177 709 1249 trugum'l
725 1177 797 1250 quin
809 1178 848 1235 ad
862 1176 951 1236 huius
967 1194 1091 1237 cursum
1106 1179 1241 1239 leeundi-

265 1266 313 1319 tus
338 1259 469 1318 humana
488 1260 696 1333 respondeat?
717 1260 790 1333 quin
810 1261 860 1319 ille
880 1276 992 1319 annum
1016 1260 1241 1322 observabilem

213 1343 216 1348 '
266 1343 371 1402 lecerit
383 1344 563 1403 circumactu
576 1358 648 1414 suo,
662 1343 739 1402 haec
753 1357 888 1402 mensem
903 1344 1069 1403 minoribus
1084 1359 1119 1404 se
1135 1345 1241 1419 spatiis

234 1425 418 1485 allectensl
451 1426 491 1486 Ut
506 1429 606 1484 tamen
621 1424 764 1485 detrahas
779 1424 852 1496 ista,
874 1443 935 1486 non
951 1433 1016 1485 erat
1029 1425 1098 1501 ipse
1113 1428 1164 1486 sol
1178 1428 1241 1488 ido-

266 1525 356 1568 neum
377 1509 473 1568 oculis
496 1508 705 1586 spectaculum
726 1509 900 1583 dignusque
919 1510 1057 1582 adorari,
1080 1510 1241 1570 sitantum

267 1591 464 1667 praeterirem
487 1607 549 1650 non
564 1596 629 1649 erat
644 1590 735 1664 digna
752 1599 899 1667 suspectu
913 1594 1000 1665 luna,
1026 1593 1147 1653 etiamsi
1168 1595 1242 1654 otio-

267 1692 334 1734 sum
362 1675 449 1733 sidus
474 1681 713 1733 transcurreret?
746 1676 818 1748 lpse
840 1676 988 1749 mundus,
1017 1675 1162 1748 quotiens
1188 1691 1242 1751 per

268 1764 387 1816 noctem
410 1757 496 1829 ignes
511 1773 587 1816 suos
603 1756 680 1815 ludit
694 1765 724 1817 et
737 1764 853 1818 tantum
868 1759 1022 1818 stellarum
1037 1759 1241 1818 innumerabi-

267 1840 339 1898 lium
359 1838 491 1911 refulsit,
515 1856 606 1913 quem
624 1856 685 1899 non
708 1839 853 1901 intentum
874 1842 904 1900 in
926 1858 961 1900 se
974 1849 1077 1902 teneti
1098 1842 1171 1916 quis
1185 1841 1242 1901 sibi

235 1937 252 1991 3
267 1922 317 1981 illa
329 1931 400 1983 tunc
416 1939 483 1981 cum
495 1924 618 1982 miratur
630 1924 781 1997 prodesse
793 1925 926 1999 cogitati
939 1923 1077 1998 Adspice
1089 1925 1150 1984 ista
1160 1932 1240 1984 tanto
1257 1947 1263 1956 ·

267 2021 402 2080 superne
413 2014 503 2066 coetu
520 2006 664 2079 labentia,
680 2009 936 2081 quemadmodum
951 2006 1143 2068 velocitatem
1155 2023 1239 2067 suum

267 2090 324 2149 sub
339 2090 444 2163 specie
459 2089 566 2149 stantis
582 2097 672 2163 utque
686 2089 792 2149 inmoti
807 2089 909 2165 operis
924 2090 1125 2150 abscondant
1143 2089 1240 2164 Quan-

266 2182 329 2234 tum
350 2173 409 2232 ista
429 2181 533 2246 nocte,
557 2189 648 2246 quam
670 2181 702 2232 tu
726 2172 756 2230 in
779 2189 933 2233 numerum
949 2189 985 2232 ac
999 2172 1164 2233 discrimen
1180 2171 1240 2232 die·

268 2273 334 2315 rum
355 2255 518 2325 observas,
540 2254 658 2329 agitur?
689 2264 802 2329 quanta
820 2272 920 2315 rerum
942 2256 1030 2315 turba
1051 2256 1110 2316 sub
1125 2254 1185 2315 hoc
1202 2254 1239 2315 si·

270 2338 360 2396 lentio
383 2338 552 2397 evolvitur?
585 2344 728 2412 quantam
751 2339 880 2398 latorum
902 2339 1011 2398 seriem
1032 2346 1134 2398 certus
1156 2338 1239 2398 limes

237 2421 392 2483 deducit?
418 2420 481 2480 Ista
495 2437 574 2494 quae
595 2428 627 2480 tu
644 2437 704 2480 non
720 2422 807 2481 aliter
821 2438 910 2496 quam
926 2421 956 2480 in
972 2420 1116 2481 decorem
1132 2435 1239 2498 sparsa

269 2504 464 2575 consideras,
491 2504 609 2578 singula
634 2504 663 2562 in
685 2519 781 2577 onere
801 2511 879 2565 sunt.
911 2505 1068 2563 necenim
1089 2503 1238 2580 estquod

269 2585 425 2646 existimes
446 2593 563 2662 septem
584 2587 651 2646 sola
670 2587 857 2659 discurrere,
880 2596 982 2646 cetera
1001 2586 1144 2646 haerere=
1167 2603 1234 2662 pau·

269 2685 374 2730 corum
395 2679 495 2731 mutus
517 2670 808 2744 conprehendimus,
829 2669 1065 2729 innumerabiles
1085 2685 1163 2730 vero
1176 2670 1238 2730 lon·

269 2754 399 2828 giusque
414 2770 433 2812 a
450 2761 618 2827 conspectu
633 2758 761 2824 [nostro]
778 2753 895 2813 seducti
910 2754 943 2812 dt
955 2761 1028 2813 eunt
1040 2753 1238 2827 redeuntque,

269 2844 353 2894 etex
367 2836 430 2908 his,
446 2837 498 2909 qui
513 2838 619 2896 oculos
633 2843 756 2895 nostros
773 2837 937 2910 patiuntur,
953 2837 1092 2911 plerique
1108 2837 1238 2897 obscuro

270 2920 366 2991 gradu
381 2926 511 2991 pergunt
523 2925 554 2977 el
569 2934 622 2991 per
637 2919 787 2979 occultum
802 2927 940 2995 aguntur.

241 3016 253 3066 1
332 2998 437 3061 XXlV.
467 3001 545 3074 Quid
569 3009 665 3075 ergol
692 3018 754 3060 non
775 3004 895 3078 caperis
909 3010 1010 3062 tantae
1025 3002 1113 3061 molis
1129 3003 1237 3076 adspe-

271 3091 336 3157 otu,
358 3083 476 3144 etiamsi
496 3092 525 3144 te
540 3102 601 3144 non
616 3091 712 3159 legat,
733 3103 794 3146 non
809 3086 975 3158 custodial,
996 3102 1059 3144 non
1072 3085 1176 3146 lovcal
1189 3099 1238 3158 ge-

270 3175 417 3241 neretque
431 3183 466 3226 ac
481 3168 588 3243 spiritu
603 3184 660 3229 suo
677 3168 778 3242 rigata
805 3168 1064 3242 Quemadmodum
1080 3167 1157 3226 baec
1173 3183 1238 3226 cum

271 3253 400 3325 primum
416 3268 502 3311 usum
518 3252 688 3312 habeantet
702 3250 878 3311 necessaria
890 3249 1052 3324 vitaliaque
1064 3250 1133 3322 sint,
1149 3249 1239 3310 maie·

271 3343 335 3395 stus
350 3341 448 3394 tamen
466 3351 570 3394 eorum
588 3342 681 3395 totam
695 3342 825 3393 mentem
844 3341 989 3407 occupat=
1012 3334 1052 3392 ita
1071 3330 1171 3394 omnis
1191 3333 1240 3391 illa

273 3419 367 3478 virtus
383 3426 414 3478 et
426 3418 454 3475 in
473 3418 576 3492 primis
597 3418 673 3492 grati
696 3418 787 3476 animi
811 3418 936 3476 multum
952 3416 1074 3490 quidem
1097 3421 1238 3490 praestat,

271 3502 329 3560 sed
349 3517 410 3560 non
425 3502 488 3559 vult
504 3500 542 3560 ob
558 3499 617 3558 hoc
632 3501 725 3574 diligi.
753 3500 882 3573 amplius
898 3499 1042 3573 quiddam
1056 3498 1087 3556 in
1101 3514 1137 3557 se
1151 3498 1240 3558 habet

157 3599 160 3604 ·
271 3599 329 3642 nec
345 3584 419 3643 satis
434 3583 472 3643 ab
488 3599 525 3643 eo
541 3582 734 3657 intellegitur,
757 3600 776 3642 a
791 3598 853 3657 quo
869 3581 945 3640 inter
959 3581 1043 3643 utilia
1058 3589 1238 3642 numeratur.

241 3674 259 3728 2
274 3665 383 3728 Gratus
398 3674 454 3744 est,
470 3665 542 3743 quia
556 3666 699 3741 expedita
715 3682 788 3742 ergo
805 3673 836 3726 et
850 3673 994 3741 quantum
1008 3664 1153 3741 expedit?
1178 3679 1238 3726 non
