2942 4384
413 851 549 947 lltlt.
575 850 761 947 ttlttll
786 850 1096 949 lltlltltl.

322 1234 484 1340 Quamquam
498 1282 548 1317 non
557 1269 657 1317 videtur
670 1269 695 1317 in
706 1265 816 1317 Senecae
834 1267 905 1316 libris
923 1274 1038 1316 accurate
1054 1266 1152 1317 definiri
1173 1280 1258 1331 posse,

244 1351 298 1398 quo
316 1340 423 1399 quisque
441 1344 554 1400 ternpore
570 1337 727 1400 conscriptus
745 1336 792 1396 sit,
811 1336 959 1399 praesertim
984 1350 1041 1383 cum
1066 1336 1097 1384 de
1123 1336 1176 1383 vita
1196 1348 1258 1396 quo-

245 1419 298 1467 que
314 1403 425 1453 Senecae
440 1414 499 1469 post
513 1405 629 1469 Lipsium
647 1418 721 1453 nemo
740 1403 885 1467 diligentins
902 1404 1071 1466 quaesiverit,
1087 1402 1157 1451 nolui
1174 1409 1257 1451 tamen

242 1489 258 1521 e
279 1475 452 1535 superioribus
468 1472 619 1522 editionibus
635 1471 710 1521 talem
733 1471 843 1534 aliquem
866 1472 987 1521 librorum
1010 1472 1123 1520 ordInem
1141 1471 1257 1528 retinere,

243 1555 321 1602 quem
336 1557 351 1590 a
369 1550 509 1605 temporum
525 1542 612 1590 ordine
630 1540 764 1590 abhorrere
786 1542 848 1588 satis
864 1548 1000 1597 constaret3
1024 1554 1101 1602 quare
1121 1553 1179 1587 cum
1195 1538 1257 1587 mihi

243 1610 279 1657 de
291 1606 337 1656 XII
349 1609 511 1673 Dialogorum
527 1608 598 1658 libris
615 1610 694 1658 otium
710 1608 848 1672 quaerendi
864 1608 965 1657 fecisset
982 1608 1078 1659 codicis
1088 1607 1256 1656 Mediolanen-

243 1678 282 1725 sis
301 1678 448 1736 auctoritas,
466 1678 550 1741 primo
568 1676 697 1726 volumine
713 1693 768 1725 cum
787 1678 819 1725 iis
846 1689 877 1725 ee
894 1675 1004 1725 Senecae
1027 1690 1104 1739 opere
1126 1676 1256 1739 conjunxi,

163 1768 169 1774 ·
244 1758 353 1805 quorum
368 1759 433 1807 quae
448 1754 507 1794 sunt
520 1752 601 1794 aetate
616 1755 756 1810 postrema,
781 1746 815 1793 ad
838 1744 944 1794 Neronis
963 1745 1035 1793 initio
1056 1744 1194 1808 pertinent3
1218 1757 1256 1791 se-

243 1820 356 1873 quuntur
367 1814 421 1877 jam
437 1812 517 1862 altero
538 1812 586 1862 hoe
608 1814 736 1863 volumine
760 1813 935 1876 comprehensi
956 1814 987 1861 de
1009 1812 1141 1861 Beneficiis
1164 1821 1188 1860 et
1206 1810 1255 1859 Na·

243 1880 365 1929 turalium
384 1881 563 1939 Quaestionum
588 1881 658 1939 libri,
681 1896 745 1944 quos
762 1891 786 1930 et
803 1891 861 1944 post
884 1881 928 1929 illa
945 1881 1054 1944 scriptos
1076 1896 1132 1929 esse
1155 1888 1179 1928 et
1199 1888 1256 1927 unte

244 1949 365 2011 epistolas
385 1950 551 1999 demonstrari
569 1959 710 2013 potestant
732 1951 806 1997 certis
829 1958 871 1997 aut
894 1949 1066 2013 probabilibus
1089 1948 1254 2013 argumentis.

243 2017 403 2066 Emendandi
420 2033 479 2066 vero
495 2025 596 2066 secutus
614 2033 670 2066 sum
688 2018 810 2066 rationem
832 2018 954 2074 eandem,
977 2018 1008 2066 de
1024 2031 1073 2078 qua
1088 2018 1169 2081 primo
1184 2015 1255 2065 volu-

166 2132 171 2139 ,
243 2085 312 2133 mine
336 2086 457 2148 exposui,
480 2087 529 2134 nisi
551 2087 619 2148 quod
642 2085 698 2135 Nut.
723 2086 903 2144 Quaestionum
919 2085 977 2133 libri
996 2086 1117 2132 maiorem
1133 2098 1255 2132 nonnum-

242 2167 318 2214 quam
337 2154 468 2202 audaciam
485 2155 611 2216 requirere
629 2156 678 2204 visi
695 2161 768 2211 suut3
787 2168 845 2202 nom
861 2155 908 2202 etsi
922 2155 946 2204 iu
962 2155 994 2202 iis
1006 2167 1120 2217 quoque,
1140 2153 1255 2214 quisunt

242 2221 277 2269 de
299 2221 447 2279 Beneficiis,
471 2223 630 2285 reperiuntur
656 2222 704 2272 loci
727 2221 824 2285 aliquot
845 2222 1044 2285 corruptissimi,
1068 2236 1131 2283 quos
1154 2230 1196 2270 eut
1217 2222 1255 2268 in-

241 2298 323 2337 tactos
341 2289 430 2351 reliqui
453 2298 496 2338 aut
520 2299 587 2340 recte
602 2292 656 2354 jam
673 2306 742 2341 ame
760 2292 849 2339 aliisve
863 2292 1008 2339 emendatos
1028 2305 1084 2339 esse
1102 2304 1152 2337 non
1170 2290 1253 2346 credo,

242 2357 350 2404 multum
375 2366 458 2406 tamen
482 2358 517 2407 ibi
539 2360 571 2408 ad
594 2360 769 2409 inveniendam
787 2374 874 2408 veram
897 2360 1045 2423 scripturam
1067 2357 1163 2423 profuit
1181 2371 1254 2421 prae-

241 2426 414 2474 stantissimus
444 2426 499 2475 cod.
523 2426 694 2488 Numerianus,
723 2428 782 2491 plus
804 2429 880 2477 etiam
902 2427 1047 2491 profuturus
1066 2426 1121 2485 ille,
1151 2427 1172 2474 si
1196 2432 1254 2489 post

242 2491 376 2541 Gruterum
407 2495 489 2543 denuo
520 2495 628 2544 conferri
654 2497 787 2559 potuisset.
823 2494 873 2545 Sed
899 2496 955 2545 Nat.
981 2496 1159 2553 Quaestionum
1184 2493 1253 2543 libris

241 2568 363 2621 quantum
379 2563 411 2611 ad
429 2563 594 2626 iutegritatem
613 2565 692 2623 desit,
709 2579 798 2628 parum
815 2565 977 2627 perspexisse
996 2564 1105 2610 editores
1122 2562 1251 2616 videntum

240 2643 300 2675 nam
324 2630 433 2692 primum
456 2633 566 2695 majores
588 2634 710 2693 quasdam
731 2643 816 2695 partes
839 2632 947 2694 periIsse
968 2644 1041 2677 nemo
1062 2628 1251 2683 animadvertit;

242 2710 292 2759 ego
310 2697 413 2747 lacunae
429 2700 501 2763 sigua
517 2702 590 2763 posui
605 2700 648 2750 lib.
666 2701 692 2759 1,
715 2698 746 2760 8,
769 2700 798 2756 5,
820 2700 864 2747 ubi
881 2712 984 2747 necesse
1000 2704 1038 2745 est
1056 2697 1193 2746 exciderint
1211 2711 1249 2756 ea,

240 2778 307 2824 quae
323 2763 416 2815 Seneca
437 2767 470 2815 ad
499 2769 659 2829 quaestiones
686 2784 715 2817 eo
746 2769 802 2832 ipso
833 2767 887 2816 loco
907 2766 1050 2831 propositas
1073 2766 1249 2829 responderat;

240 2832 334 2882 deiude
350 2848 376 2892 c,¹
395 2831 439 2892 153
459 2834 476 2883 8
493 2837 536 2898 qui
554 2851 620 2884 nunc
635 2836 703 2885 locus
719 2851 823 2885 mancus
845 2838 896 2894 est,
923 2851 981 2883 eum
1003 2849 1105 2898 sperare
1126 2834 1184 2883 licet
1205 2832 1250 2882 ali-

201 2922 203 2927 *
240 2901 342 2959 quando
364 2904 462 2951 restitui
479 2915 570 2966 posse,
591 2906 612 2953 si
632 2906 748 2953 inventus
768 2904 845 2953 fuerit
869 2905 949 2953 codex
967 2902 1059 2964 aliquis
1076 2904 1189 2967 integer,
1213 2904 1249 2950 si-

239 2967 310 3016 milis
331 2968 499 3029 Berolinensi,
528 2986 601 3033 quem
623 2979 727 3021 testatur
750 2972 879 3024 Fickertus
902 2973 933 3020 ob
956 2973 1050 3020 amissa
1072 2971 1111 3019 vel
1135 2972 1185 3019 duo
1208 2970 1248 3018 vel

238 3037 287 3084 tria
306 3036 368 3085 folia
383 3053 434 3087 non
451 3038 542 3088 hebere
558 3048 637 3089 totum
653 3040 723 3089 illum
740 3042 821 3089 locum
840 3042 899 3089 inde
914 3055 929 3088 a
947 3056 968 3091 c.
987 3039 1034 3097 11,
1058 3040 1089 3097 3,
1115 3047 1139 3088 ct
1158 3039 1248 3087 deinde

239 3103 281 3151 lris
300 3106 382 3155 verbis
400 3106 524 3170 incipere:
543 3118 695 3169 quantum
712 3111 742 3157 iu
758 3124 903 3172 pravum.
923 3109 991 3170 quod
1008 3109 1030 3156 si
1046 3110 1081 3156 ita
1096 3116 1150 3169 est,
1168 3120 1248 3169 appa-

238 3179 277 3219 ret
294 3188 351 3221 curn
368 3176 480 3224 codicem
494 3175 569 3240 longe
586 3176 656 3225 aliud
673 3178 734 3240 quid
749 3177 869 3226 habuisse
886 3185 944 3225 ante
961 3190 1036 3224 voces
1054 3176 1246 3238 inpressum,

237 3255 313 3301 quam
333 3258 397 3304 qnae
413 3257 479 3291 nunc
498 3243 629 3309 leguntur;
653 3245 696 3294 illa
717 3255 799 3305 certe,
822 3260 887 3308 quae
903 3259 950 3309 ego
966 3244 1037 3292 nucis
1056 3242 1160 3302 inclusi,
1185 3244 1247 3291 tole·

236 3309 289 3357 rari
305 3310 372 3359 nullo
390 3312 465 3360 modo
481 3320 600 3376 possuot;
624 3316 748 3377 pertinent
769 3315 834 3362 enim
856 3315 889 3362 nd
906 3312 1020 3376 specula,
1045 3311 1184 3371 dequibus
1202 3310 1247 3359 Se-

236 3390 301 3424 neca
316 3378 352 3426 ibi
369 3379 481 3427 nondum
502 3382 568 3445 agit;
594 3396 658 3443 quae
676 3384 739 3441 nisi,
760 3389 788 3430 ut
809 3381 870 3430 milri
895 3383 1008 3438 videtur,
1030 3378 1164 3427 subditicio
1179 3389 1245 3437 snut,

236 3452 304 3493 certe
318 3445 400 3495 alieno
419 3447 474 3496 loco
489 3448 587 3497 intrusa
605 3465 660 3498 esse
677 3465 750 3499 nemo
772 3453 884 3514 negabit.
920 3452 1053 3499 Praeterea
1072 3447 1188 3496 lacunam
1209 3448 1246 3496 in·

235 3513 318 3561 dicavi
337 3513 381 3563 lib.
401 3515 443 3563 IV.
462 3518 528 3565 inter
542 3532 564 3565 c.
580 3520 595 3567 2
610 3526 634 3566 et
652 3517 676 3567 3.
692 3533 742 3579 quo
758 3518 813 3566 loco
829 3519 897 3567 haud
915 3531 996 3581 pauca
1017 3516 1173 3564 intercidisse
1194 3530 1246 3564 rna·

235 3580 355 3629 nilestum
372 3591 423 3638 est3
443 3598 500 3633 nam
516 3600 596 3647 neque
612 3587 644 3635 de
659 3585 715 3634 Nilo
733 3589 847 3648 quaestio
866 3592 948 3649 potest
964 3586 999 3633 ibi
1015 3585 1086 3633 linita
1102 3585 1189 3642 videri,
1203 3598 1246 3631 ne-

234 3663 368 3711 quequae
393 3652 484 3701 deinde
505 3655 619 3716 sequitur
634 3655 664 3703 de
683 3655 741 3704 nive
760 3663 784 3703 et
807 3654 943 3721 grandine,
965 3654 1063 3763 initiu'p
1084 3653 1175 3715 habet,
1200 3652 1246 3700 sed
