2942 4384
269 471 330 537 176
534 472 569 537 L.
590 471 736 533 ANNAEI
760 470 935 533 SENECAE

156 668 158 672 ψ
268 626 339 703 quia
362 623 484 701 pinguis
504 622 614 685 humor
634 623 733 682 minus
754 622 843 682 laoile
862 622 998 683 turbatur
1019 630 1049 683 et
1067 622 1139 683 ideo
1164 641 1242 699 quas

259 711 374 785 ‘recipit
396 708 543 781 imagines
564 715 675 767 servat.
709 707 860 781 adparere
884 714 984 765 autem
1005 707 1154 780 imagines
1181 725 1240 768 non

266 800 400 870 possunt
420 792 477 851 nisi
499 791 528 849 in
548 790 664 865 liquido
681 797 711 850 et
725 790 854 849 inmoto:
882 796 954 849 tune
969 792 1105 849 solemus
1124 799 1241 864 notare,

268 876 524 952 quemadmodum
546 875 616 932 luna
630 874 688 933 soli
703 889 737 932 se
754 879 892 947 opponat
906 880 936 933 et
950 874 1031 933 illum
1046 880 1131 935 tanto
1147 876 1241 934 maio-

264 976 331 1019 rem
350 960 486 1020 subiecto
509 972 640 1031 corpore
661 956 847 1027 abscondat,
869 957 961 1015 modo
977 964 1135 1031 exparte,
1159 957 1186 1017 si
1202 958 1242 1017 ita

266 1044 391 1117 contigit
410 1050 442 1101 ut
462 1041 541 1115 latus
563 1041 745 1111 incurreret,
767 1039 859 1099 modo
882 1046 985 1099 totum.
1028 1040 1114 1099 Haec
1131 1039 1242 1101 dicitur

265 1128 403 1201 perlecta
418 1124 565 1195 delectio,
588 1139 667 1197 quae
686 1124 791 1183 stellas
812 1138 936 1197 quoque
959 1124 1092 1182 ostendit
1106 1130 1137 1182 et
1152 1126 1239 1183 inter-

266 1210 337 1283 eipit
352 1211 465 1281 lucem,
486 1215 558 1266 tunc
574 1207 705 1279 seilicet,
729 1223 796 1266 eum
812 1213 941 1279 uterque
956 1206 1039 1265 orbis
1056 1206 1115 1265 sub
1131 1208 1240 1267 eodem

234 1293 443 1352 alibramento
465 1290 555 1351 stetit.
592 1290 850 1363 Quemadmodum
872 1305 944 1363 ergo
959 1290 1121 1364 utriusque
1139 1292 1238 1364 imago

265 1379 296 1435 in
312 1376 400 1435 terris
416 1375 534 1449 adspioi
552 1381 667 1447 potest,
690 1374 730 1431 ita
744 1374 773 1431 in
789 1376 874 1445 abre,
901 1388 969 1432 oum
985 1374 1030 1432 sie
1045 1379 1174 1433 coaetus
1191 1390 1241 1432 aer

267 1467 297 1519 et
316 1459 459 1533 limpidus
483 1456 629 1530 constitit,
651 1464 684 1515 ut
699 1456 806 1515 laniem
822 1457 897 1515 solis
913 1456 1080 1530 acciperet,
1105 1472 1198 1530 quam
1213 1465 1240 1515 et

187 1561 195 1569 ·
267 1544 344 1601 aliae
364 1542 461 1600 nubes
484 1540 651 1613 accipiunt,
679 1540 734 1598 sed
756 1540 973 1612 transmittunt,
987 1540 1020 1598 'si
1042 1545 1096 1597 aut
1112 1539 1239 1599 mobiles

268 1632 338 1684 sunt
352 1631 404 1684 aut
417 1640 504 1682 rarae
516 1629 567 1682 aut
577 1622 735 1681 sordidae:
757 1623 886 1682 mobiles
899 1623 977 1681 enim
990 1630 1140 1696 spargunt
1152 1623 1237 1692 illam,

265 1723 353 1766 rarae
375 1707 524 1777 emittunt,
554 1704 698 1764 sordidae
719 1712 888 1780 turpesque
909 1721 970 1764 non
990 1704 1142 1780 sentiunt,
1165 1706 1239 1767 sieut

267 1790 349 1863 apud
365 1805 421 1848 nos
436 1790 597 1861 imaginem
613 1789 772 1847 maculosa
787 1804 847 1847 non
863 1789 1002 1863 reddunt.

235 1879 250 1930 1
329 1872 406 1931 Xlll.
441 1870 546 1930 Solent
571 1878 601 1931 et
624 1871 695 1930 bina
721 1871 787 1930 fieri
815 1872 951 1945 parlrelia
974 1872 1083 1930 eadem
1110 1872 1236 1933 ratione.

268 1956 340 2030 quid
356 1956 435 2015 enim
449 1955 579 2029 inpedit,
602 1971 662 2029 quo
677 1953 777 2013 minus
790 1962 834 2014 tot
846 1956 917 2028 sint,
934 1961 1009 2029 quot
1020 1954 1118 2015 nubes
1132 1956 1238 2015 luerint

267 2046 357 2114 aptae
372 2040 411 2098 ad
426 2038 628 2097 exhibendam
644 2039 719 2097 solis
734 2038 887 2111 effigiem?
920 2038 1046 2123 Quidam
1061 2041 1091 2097 in
1107 2039 1160 2098 illa
1172 2055 1237 2099 sen·

266 2122 359 2181 tentia
377 2128 465 2193 sunt,
495 2122 636 2195 quotiens
657 2122 718 2180 duo
744 2122 906 2179 simulacra
931 2121 1000 2181 talia
1020 2122 1188 2195 exsistant,
1208 2128 1238 2180 ut

266 2204 400 2264 iudicent
419 2220 512 2264 unum
534 2220 605 2263 esse
628 2205 718 2277 solis,
741 2206 867 2263 alterum
888 2202 1037 2277 imaginis.
1069 2221 1140 2264 nam
1157 2204 1237 2279 apud

267 2304 325 2346 nos
347 2302 470 2361 quoque
493 2302 561 2345 oum
583 2287 670 2360 plura
684 2287 809 2360 specula
825 2288 975 2360 disposita
991 2295 1060 2346 sunt
1075 2288 1132 2360 ita,
1152 2296 1184 2347 ut
1197 2289 1236 2345 al·

267 2371 322 2428 teri
339 2370 378 2428 sit
392 2377 577 2443 conspectus
592 2368 729 2440 alteriuS,
750 2371 851 2429 omnia
861 2372 1013 2443 inplentur
1024 2379 1053 2429 et
1066 2387 1128 2429 una
1140 2372 1235 2445 imago

266 2468 341 2511 vera
362 2460 422 2526 est,
446 2461 565 2512 ceterae
586 2451 749 2526 imaginum
764 2454 882 2527 efligies
899 2461 977 2513 sunt.
1008 2454 1079 2512 nilril
1097 2453 1178 2513 eninr
1192 2469 1236 2512 re-

268 2537 338 2606 fert,
363 2536 436 2611 quid
457 2536 511 2609 sit,
533 2537 616 2610 quod
635 2538 762 2610 speculo
784 2537 975 2596 ostendatur:
997 2537 1146 2611 quiequid
1160 2537 1237 2596 enim

267 2621 363 2693 videt,
386 2620 493 2679 reddit.
531 2620 576 2679 lta
595 2619 655 2678 illio
671 2635 795 2694 quoque
815 2618 844 2678 in
862 2620 995 2693 sublimi,
1018 2619 1044 2678 si
1061 2619 1160 2680 nubes
1176 2621 1236 2679 iors

268 2703 370 2777 aliqua
391 2704 556 2777 disposuit,
583 2712 616 2763 ut
634 2703 710 2761 inter
732 2719 766 2763 se
788 2705 991 2778 conspiciant,
1020 2704 1115 2761 altera
1141 2703 1236 2763 nubes

237 2787 344 2845 usulis
364 2786 540 2859 imaginem,
567 2787 662 2856 altera
688 2785 827 2859 imaginis
849 2787 955 2846 reddit.
995 2786 1114 2845 Debent
1139 2793 1235 2846 aulem

267 2868 326 2926 hae
351 2868 464 2941 nubes,
493 2884 572 2942 quae
593 2868 652 2925 hoo
673 2875 843 2942 praestant,
870 2870 984 2929 densae
1009 2883 1095 2941 esse,
1123 2869 1235 2940 laeves

268 2950 466 3025 splendidae,
492 2950 585 3032 plano
605 2958 729 3010 naturae
750 2953 834 3011 solis.
868 2952 906 3012 ob
927 2952 985 3012 hoc
1011 2952 1113 3012 onmia
1134 2952 1235 3012 huius·

267 3034 350 3094 modi
365 3033 526 3092 simulacra
541 3033 671 3093 eandida
686 3042 801 3095 suntet
815 3035 924 3095 similia
937 3036 1094 3095 lunaribus
1106 3035 1237 3106 circulis,

269 3117 340 3194 quia
355 3133 393 3176 ex
409 3132 559 3191 percussu
575 3116 697 3191 oblique
712 3127 839 3192 accepto
855 3121 921 3178 sole
934 3119 1147 3192 resplendent:
1169 3135 1237 3178 nam

268 3203 294 3261 si
315 3201 393 3259 inira
414 3202 509 3261 solem
530 3200 626 3260 nubes
649 3202 738 3261 luerit
752 3207 782 3260 et
796 3202 934 3277 propior,
956 3203 994 3261 ab
1007 3218 1044 3261 eo
1060 3201 1236 3277 dissipatur.

266 3286 359 3357 longe
371 3291 470 3343 autem
485 3285 585 3359 posita
599 3284 703 3345 radios
718 3301 779 3345 non
794 3284 915 3345 remittit
929 3302 985 3344 nee
1000 3283 1161 3358 imaginem
1173 3284 1237 3343 elii·

268 3366 323 3439 cit,
350 3367 420 3441 quia
435 3369 515 3440 apud
534 3383 591 3430 nos
605 3384 729 3442 quoque
745 3369 885 3442 specula,
908 3384 975 3427 eum
992 3385 1009 3427 a
1026 3368 1115 3428 nobis
1132 3369 1238 3441 procul

268 3450 400 3508 abducta
416 3457 499 3521 sunt,
524 3451 628 3510 faeiem
644 3468 704 3510 non
720 3451 864 3524 reddunt,
882 3452 954 3530 quia
967 3450 1049 3511 acies
1061 3458 1238 3510 nostranon

235 3532 360 3591 allabet
379 3548 480 3606 usque
501 3532 537 3590 ad
561 3549 618 3592 nos
638 3550 804 3593 recursum.
843 3534 1017 3594 Pluviarum
1035 3542 1136 3595 autem
1157 3533 1238 3593 ethi

268 3614 366 3687 soles,
388 3624 454 3676 utar
475 3616 553 3674 enim
568 3614 712 3676 historica
727 3618 843 3690 lingua,
865 3617 976 3677 indicia
991 3625 1071 3677 sunt.
1092 3618 1196 3692 utique
1212 3615 1239 3676 si

269 3710 287 3753 a
307 3705 392 3771 parte
412 3699 506 3759 austri
522 3699 733 3775 constiterunt,
757 3700 855 3770 utdres
870 3700 941 3761 iude
956 3701 1084 3763 maxime
1098 3702 1234 3777 ingrave-
1267 3731 1270 3742 =
