2942 4384
458 467 599 530 NATUR.
616 467 779 543 ausast.
800 470 872 531 LIB.
884 471 907 530 1.
929 480 955 533 1.
966 479 993 533 2.
1153 469 1214 535 lua

236 620 385 693 fulgor,
413 620 478 693 qui
505 620 634 680 sidera
661 621 926 681 circumvenit.
962 620 1127 681 Memoriae
1145 640 1214 699 pro-

237 704 333 763 ditum
358 709 420 776 est,
448 720 510 778 quo
526 704 575 762 die
591 705 694 763 urbem
710 704 800 764 divus
815 708 973 790 Augustus
989 705 1154 779 Apollonia
1168 724 1215 767 re-

237 785 500 859 versusintravit,
521 786 601 846 eirea
616 788 711 847 solem
729 789 826 847 visum
842 789 953 847 eoloris
970 789 1047 847 varii
1061 789 1215 864 circulum,

239 868 341 944 qualis
356 870 385 927 in
401 885 475 930 areu
490 886 562 930 esse
578 871 666 930 solet.
686 870 768 930 hune
784 872 891 930 Graeci
908 872 997 931 halo
1012 880 1138 946 vocant,
1157 890 1215 933 nos

239 953 344 1012 dicere
359 968 539 1013 eoronam
553 955 710 1028 aptissime
727 971 902 1029 possumus.
925 972 1005 1029 quae
1017 958 1214 1030 quemadmo-

238 1037 310 1096 dum
326 1035 393 1096 fieri
408 1036 540 1109 dicatur,
563 1053 726 1111 exponam.
763 1038 836 1097 Cum
851 1055 880 1096 m
893 1039 1042 1112 piscinam
1054 1041 1131 1114 lapis
1144 1041 1246 1099 mis-l

238 1136 294 1179 sus
315 1126 378 1192 est,
404 1118 544 1180 videmus
565 1121 596 1179 in
618 1121 727 1180 multos
749 1122 840 1180 orbes
864 1138 973 1196 aquam
997 1124 1159 1184 discedere
1185 1132 1215 1183 et

237 1203 455 1277 fleriprimum
478 1205 724 1278 angustissimum
747 1205 867 1277 orbern,
895 1205 1006 1279 deinde
1026 1207 1162 1265 latiorem
1178 1222 1214 1266 ae

238 1286 352 1346 deinde
365 1285 442 1345 alios
458 1288 603 1360 maiores,
627 1288 727 1348 donee
742 1296 907 1347 evanescat
921 1290 1042 1363 inpetus
1057 1299 1086 1348 et
1103 1292 1132 1348 in
1149 1293 1212 1364 pla·

237 1369 342 1428 nitiem
361 1368 543 1429 inmolarunt
565 1387 712 1445 aquarum
734 1372 886 1431 salvatum
915 1373 974 1431 tale
995 1371 1139 1447 quiddam
1162 1389 1212 1433 eo·

237 1454 370 1526 gitemus
386 1452 451 1511 lieri
465 1454 554 1513 etiam
570 1455 599 1512 in
616 1458 695 1514 aere.
720 1470 787 1513 eum
803 1455 934 1527 spissior
949 1456 1048 1514 iaetus
1064 1462 1125 1528 est,
1144 1473 1213 1516 sen-

237 1537 294 1597 tire
316 1537 436 1611 plagam
459 1546 574 1610 potest:
598 1538 651 1597 lux
667 1538 744 1598 solis
759 1546 811 1598 aut
826 1539 915 1597 lunae
930 1539 978 1597 vel
994 1539 1156 1599 cuiuslibet
1173 1539 1213 1598 si·-

238 1619 321 1679 deris
346 1620 505 1680 incurrens
530 1622 677 1681 recedere
701 1622 784 1681 illum
810 1621 838 1679 in
865 1622 996 1682 circulos
1023 1624 1111 1696 cogit
1145 1638 1214 1682 nam

237 1702 398 1764 humaret
419 1719 471 1762 aer
491 1712 639 1777 atomus,
661 1706 746 1779 quod
762 1721 801 1764 ex
815 1703 876 1764 ietu
896 1706 1021 1765 sormam
1037 1705 1162 1779 accipit,
1183 1707 1212 1764 in

237 1788 328 1846 talem
349 1786 482 1845 habitum
504 1787 671 1862 inpellitur,
699 1789 799 1863 qualis
815 1797 863 1848 est
882 1789 963 1860 eius,
990 1790 1072 1863 quod
1087 1790 1212 1864 inpellit.

238 1886 329 1930 omne
350 1877 450 1929 autem
471 1871 570 1930 lumen
592 1872 755 1931 rotundum
776 1877 838 1930 est:
865 1887 939 1944 ergo
960 1880 990 1931 et
1009 1889 1063 1931 aer
1083 1874 1112 1930 in
1132 1873 1212 1931 huno

237 1954 363 2013 modum
383 1953 496 2013 lumine
517 1970 683 2028 percussus
702 1954 805 2015 exibit.
842 1953 887 2013 Ob
902 1954 961 2013 hoe
976 1955 1051 2013 tales
1067 1956 1210 2029 splendo—
1224 1959 1242 2011 3

236 2035 412 2095 resGraeei
433 2053 548 2097 areas
567 2046 770 2108 vocaverunt,
794 2039 866 2112 quia
887 2037 951 2095 lere
966 2038 1100 2096 terendis
1119 2037 1211 2109 frugi-

236 2118 295 2180 bus
316 2120 469 2179 destinata
490 2122 557 2180 toea
577 2123 709 2180 rotunda
731 2128 811 2181 sunt.
852 2121 919 2180 Non
940 2128 987 2179 est
1007 2129 1105 2179 autem
1129 2120 1213 2193 quod

237 2204 447 2263 existimemus
468 2204 558 2277 istas,
586 2205 653 2263 sive
674 2219 764 2263 areae
785 2202 851 2263 sive
872 2218 1004 2262 coronae
1025 2202 1100 2276 sint,
1123 2203 1152 2261 in
1169 2203 1212 2262 vi-

236 2287 317 2346 cinia
331 2286 465 2346 siderum
483 2287 557 2346 lieri.
580 2289 740 2362 plurimum
757 2288 835 2346 enim
851 2286 952 2345 abhis
968 2287 1089 2361 absunt,
1108 2285 1214 2362 quamss

236 2370 284 2430 vis
306 2368 431 2443 cingere
451 2385 489 2429 ea
509 2376 539 2429 et
557 2386 705 2431 coronare
719 2371 893 2429 videantur=
916 2372 1082 2445 nonlonge
1098 2380 1213 2430 eterra
1306 2375 1312 2383 ‘

234 2454 270 2514 fit
282 2453 354 2513 talis
369 2452 503 2527 efligies,
523 2470 614 2529 quam
631 2455 716 2515 visus
731 2460 837 2514 noster
851 2453 940 2512 solita
954 2453 1147 2514 inbecillitate
1159 2454 1213 2512 de-

236 2544 348 2611 eeptus
364 2534 445 2595 eirea
460 2527 560 2610 ipsum
576 2537 662 2597 sidus
678 2545 763 2612 putat
778 2538 918 2611 positam.
946 2536 979 2593 ln
991 2537 1100 2595 vicinia
1111 2544 1241 2597 autema

236 2621 393 2680 stellarum
414 2627 444 2679 et
463 2621 538 2679 solis
560 2620 633 2679 nihil
653 2622 713 2681 tale
735 2627 836 2694 potest
852 2620 935 2690 lieri,
953 2620 1024 2692 quia
1038 2620 1098 2677 illie
1113 2619 1211 2678 tenuis

235 2704 342 2763 aether
363 2710 419 2761 est
447 2719 517 2762 nam
537 2705 653 2763 formae
675 2705 789 2763 crassis
811 2702 932 2761 demum
953 2700 1129 2775 spissisque
1144 2716 1211 2760 eor-

237 2786 366 2861 poribus
383 2785 502 2861 inprimi
517 2788 625 2860 solent,
639 2787 668 2845 in
685 2784 846 2847 subtilibus
861 2801 923 2844 non
938 2784 1058 2858 habeut
1075 2784 1126 2843 ubi
1139 2799 1210 2842 eon-

236 2869 349 2930 sistant
369 2878 420 2929 aut
439 2868 593 2929 haereant·
629 2872 661 2930 ln
682 2869 800 2929 balneis
822 2884 946 2943 quoque
961 2868 1042 2926 eirea
1057 2870 1211 2927 lucernam

234 2952 465 3025 tale'quiddam
486 2953 603 3027 adspiei
625 2955 704 3013 solet
724 2954 763 3013 ob
787 2953 866 3010 aeris
881 2952 968 3011 densi
985 2952 1209 3011 obscuritatem.

234 3039 287 3112 ††.
312 3035 544 3110 Nonnumquam
567 3036 709 3110 paulatim
729 3037 883 3095 diluuntur
902 3042 932 3094 et
954 3034 1111 3108 desinunt,
1136 3048 1239 3099 non-5

235 3134 403 3192 numquam
418 3112 574 3193 abaliquo
592 3127 678 3193 parte
689 3125 869 3193 rumpuntur
880 3124 910 3175 et
921 3118 991 3176 inde
1005 3127 1125 3176 ventum
1136 3134 1209 3175 nau·

235 3201 287 3263 tici
308 3208 504 3276 exspectant,
526 3203 609 3262 unde
623 3209 784 3263 contextus
801 3196 934 3259 coronae
949 3199 1042 3272 paritz
1063 3197 1090 3257 si
1108 3216 1125 3258 a
1140 3215 1209 3272 sep-

234 3288 397 3345 temtrione
419 3284 577 3358 discessit,
598 3286 701 3360 aquilo
724 3284 795 3355 erit,
818 3284 844 3341 si
868 3281 906 3341 ab
929 3279 1101 3353 occidente,
1126 3282 1209 3340 savo-

234 3370 316 3429 uius.
353 3370 436 3444 quod
456 3376 665 3443 argumentum
686 3376 735 3428 est
754 3367 831 3425 intra
848 3381 914 3424 eam
931 3371 1046 3441 partem
1062 3364 1138 3423 coeli
1152 3364 1209 3424 has

233 3452 303 3512 fieri
324 3467 473 3524 coronas,
496 3453 574 3511 intra
594 3467 685 3527 quam
703 3450 783 3510 venti
799 3465 924 3524 quoque
940 3463 1012 3509 esse
1028 3451 1135 3508 solent.
1158 3451 1210 3507 su-

233 3536 358 3611 periora
373 3537 496 3613 [autem]
513 3552 574 3595 non
588 3534 701 3595 habent
715 3550 862 3605 coronas,
877 3532 958 3607 qnia
972 3547 1011 3590 ne
1023 3538 1132 3592 ventos
1145 3531 1210 3606 qui-

233 3619 317 3677 dem.
353 3618 407 3678 llis
423 3618 608 3691 argumentis
624 3625 654 3677 et
672 3619 746 3677 illud
761 3616 866 3697 adine²
886 3631 1050 3689 numquam
1066 3622 1239 3676 eoronamd

234 3701 338 3777 colligi
359 3702 418 3762 nisi
439 3701 539 3761 stabili
560 3704 631 3761 aere
648 3709 678 3762 et
693 3702 780 3777 pigro
796 3708 900 3774 vento,
922 3702 944 3775 ’ς
963 3696 1209 3772 frequentissime

992 3782 1047 3843 11*
