2942 4384
267 459 269 462 ·
309 432 371 497 170
594 433 627 492 L.
648 432 796 541 nltltgtssl
818 432 993 492 SENECAE

310 586 383 661 quid
397 602 469 660 ergo
481 585 543 659 fit?
564 586 712 657 colorem,
729 602 788 645 non
804 585 965 659 imaginem
980 586 1109 648 ducunt=
1131 585 1278 663 alioquin,

307 704 350 715 -
364 677 396 730 ut
409 670 450 730 ait
464 670 542 727 Nero
559 669 671 742 Caesar
686 668 894 741 disertissime,

390 756 466 813 colla
480 752 671 827 Cytheriacae
685 753 844 825 splendent·
857 755 971 825 epitola
984 753 1152 813 columbae:

308 844 337 896 et
358 835 449 895 variis
471 834 624 894 coloribus
642 850 794 907 patronum
808 834 926 906 cervix,
951 835 1091 908 quotiens
1106 835 1210 911 aliquo
1227 838 1278 896 de·

308 918 445 988 flectitur,
469 918 555 977 nitet:
569 950 612 960 —
631 918 779 991 numquid
799 932 871 991 ergo
894 918 1030 977 dicemus
1051 921 1180 992 specula
1197 920 1277 979 eius-

308 1002 390 1063 modi
406 1002 538 1074 plumaS‚
563 1016 690 1073 quarum
711 1000 809 1060 omnis
825 1001 977 1060 inclinatio
995 1000 1024 1059 in
1042 1003 1162 1061 colores
1178 1016 1277 1069 nouos

279 1084 438 1151 ltransill
467 1083 536 1143 Non
561 1082 660 1142 minus
684 1082 782 1143 nubes
806 1084 957 1142 diversam
983 1091 1116 1142 natitram
1142 1085 1278 1160 speculis

307 1167 419 1225 habent
434 1182 525 1240 quam
546 1181 633 1262 agee,
657 1182 733 1240 quas
751 1166 853 1238 retuli,
874 1174 904 1225 et
919 1166 1162 1228 chamaeleontes
1177 1177 1207 1228 et
1221 1169 1279 1227 alia

308 1249 462 1323 animalia,
484 1265 612 1322 quorum
628 1251 713 1309 color
725 1257 778 1309 aut
791 1265 829 1308 ex
844 1248 920 1323 ipsis
934 1257 1071 1322 mittatur,
1089 1265 1159 1311 cum
1174 1250 1218 1309 ira
1230 1251 1279 1309 vel

309 1332 451 1407 cupidine
474 1332 599 1391 incensa
619 1339 718 1392 cutem
739 1349 827 1391 suam
848 1332 965 1391 variant
986 1333 1112 1392 humore
1136 1334 1278 1405 subfuso,

296 1424 361 1475 'aut
375 1415 526 1491 positione
541 1414 634 1487 lucie,
656 1432 747 1489 quam
764 1422 852 1488 prout
869 1424 982 1475 rectam
997 1418 1044 1473 vel
1061 1415 1215 1491 obliquam
1231 1432 1277 1475 re-

279 1505 468 1573 sceperunt,
492 1500 533 1558 ita
554 1500 736 1558 colorantur.
772 1498 848 1572 Quid
869 1499 948 1557 enim
963 1499 1060 1558 simile
1074 1499 1210 1573 speculis
1225 1499 1278 1557 ha·

308 1582 514 1650 tentantes,
538 1597 606 1640 curn
626 1581 676 1639 illa
697 1598 757 1641 non
781 1584 971 1655 perluceant,
997 1582 1054 1640 hae
1076 1580 1279 1641 transmittant

308 1667 427 1724 lucern‘l
448 1664 498 1722 illa
513 1663 610 1722 densa
624 1670 655 1722 et
669 1671 788 1737 coacta,
803 1664 860 1723 hae
874 1681 961 1723 rarae
976 1665 1055 1723 sinti
1075 1664 1126 1723 illa
1137 1663 1277 1724 eiusdem

309 1745 451 1806 materiae
462 1753 532 1815 tota,
547 1746 603 1804 hae
615 1746 745 1805 diversis
755 1754 866 1806 temere
874 1748 1053 1821 conpositae
1061 1754 1091 1807 et
1098 1748 1137 1807 ob
1147 1747 1209 1808 hoc
1217 1749 1278 1807 dis-

309 1830 419 1890 cordes
436 1845 494 1888 nec
509 1830 560 1889 diu
573 1828 781 1889 cohaesurael
800 1830 960 1891 Praeterea
972 1829 1109 1891 videmus
1121 1837 1191 1891 ortu
1202 1831 1278 1891 solis

309 1919 424 1988 partem
439 1913 600 1985 quamdam
615 1913 692 1972 coeli
708 1913 825 1972 rubere.
849 1913 986 1972 videmus
1001 1913 1099 1972 nubes
1111 1914 1277 1987 aliquando

308 1996 388 2071 ignei
410 1995 530 2056 eoloris.
560 1994 632 2070 quid
652 2011 725 2071 ergo
743 1996 895 2070 prohibet,
919 1996 1072 2071 quomodo
1088 1996 1171 2056 hune
1184 2014 1278 2056 unum

310 2083 441 2140 colorem
458 2077 611 2153 accipiunt
624 2079 699 2139 solis
715 2095 862 2152 occursu,
885 2080 929 2138 sic
944 2082 1053 2140 multos
1065 2077 1104 2136 ab
1118 2078 1178 2140 illis
1190 2081 1276 2152 trahi,

280 2163 448 2237 aquamvis
469 2179 529 2222 non
545 2162 675 2221 habeant
689 2164 806 2236 speculi
821 2162 1005 2236 potentiana
1038 2161 1148 2235 Modo,
1170 2162 1277 2239 inquit,

308 2245 385 2305 inter
398 2252 574 2319 argumenta
590 2245 726 2318 ponebas
741 2261 863 2319 semper
877 2261 980 2305 areum
996 2252 1099 2305 eontra
1114 2247 1213 2305 solem
1225 2262 1277 2305 ex·

309 2328 407 2399 citari,
432 2328 501 2401 quia
522 2343 560 2386 ne
580 2344 599 2386 a
619 2328 745 2401 speculo
768 2329 890 2402 quidem
910 2323 1009 2402 Imago
1024 2326 1207 2389 redderetur
1222 2330 1277 2388 nisi

309 2412 451 2470 adverso.
486 2411 568 2481 Hoc,
590 2408 701 2484 inquit,
722 2427 881 2471 commune
897 2411 985 2472 nobis
1001 2417 1056 2471 est.
1084 2428 1153 2471 nam
1173 2428 1277 2487 quem·

309 2494 470 2553 admodum
492 2494 709 2568 opponendum
730 2501 778 2553 est
798 2497 925 2569 speculo
941 2496 985 2566 id,
1008 2495 1095 2555 euius
1109 2493 1139 2553 in
1156 2510 1191 2555 se
1206 2495 1277 2554 ima·

308 2578 408 2651 ginon]
427 2579 602 2649 transferat,
626 2577 685 2650 sio,
708 2584 742 2636 ut
756 2579 853 2637 nubes
868 2578 949 2638 infici
964 2577 1097 2653 possint,
1119 2577 1161 2637 ita
1175 2581 1223 2638 sol
1240 2579 1277 2637 ad

308 2660 367 2720 hoc
383 2667 453 2735 apte
471 2661 631 2735 ponendus
648 2666 704 2720 est.
728 2676 788 2721 non
804 2661 882 2720 enim
898 2662 976 2721 idem
992 2661 1077 2731 lacit,
1099 2659 1126 2720 si
1143 2663 1278 2737 undique

309 2744 430 2804 ellulsit.
450 2753 481 2804 et
495 2745 533 2802 ad
549 2744 700 2818 hocopus
716 2752 764 2803 est
777 2745 930 2805 radiorum
945 2746 1074 2805 idoneus
1090 2744 1201 2803 ictus.“

268 2842 302 2893 10
369 2827 453 2885 Haec
474 2828 613 2887 dicuntur
633 2827 671 2886 ab
687 2827 749 2898 llis,
770 2828 822 2901 qui
838 2827 931 2887 videri
948 2831 1052 2889 volunt
1066 2827 1175 2887 nubem
1195 2830 1274 2907 colo·

308 2907 377 2966 rari.
411 2908 593 2970 Posidonius
610 2916 639 2969 et
659 2910 702 2983 hi,
727 2911 779 2985 qui
793 2912 946 2984 speculari
961 2912 1078 2971 ratione
1092 2912 1182 2971 talem
1197 2911 1277 2971 effici

308 2991 443 3051 iudicant
463 2992 576 3063 visum,
600 2992 659 3053 hoc
673 2994 876 3070 respondentx
904 2995 951 3067 „si
966 2996 1045 3054 ullus
1060 3001 1144 3053 esset
1158 2994 1189 3052 in
1205 3010 1278 3053 arou

309 3076 407 3148 color,
430 3083 620 3153 permaneret
639 3083 669 3136 el
690 3076 839 3136 viseretur
853 3092 890 3135 eo
905 3078 1108 3149 manifestius,
1130 3094 1192 3151 quo
1208 3092 1277 3152 pro-

309 3158 397 3232 pius:
426 3174 506 3218 nune
531 3157 631 3233 imago
657 3175 763 3231 arcuS,
793 3176 831 3219 ex
855 3161 1020 3234 longinquo
1045 3162 1142 3230 clara,
1168 3160 1277 3231 interit,

267 3254 298 3307 11
309 3256 376 3302 cnm
391 3257 430 3300 ex
446 3242 544 3302 vicino
561 3250 680 3302 ventum
692 3247 770 3302 est.“
803 3242 880 3301 Huic
891 3242 1192 3314 contradictioni‘non
1206 3259 1277 3303 con-

309 3325 423 3397 sentio,
445 3340 513 3384 euni
534 3326 633 3399 ipsam
653 3327 833 3385 sententiam
855 3326 991 3399 probem.
1020 3332 1136 3399 quare?
1161 3325 1277 3385 dicam=

310 3408 381 3481 quia
396 3408 547 3467 coloratur
562 3409 684 3482 quidem
706 3410 818 3481 nubes,
839 3409 896 3468 sed
911 3410 963 3479 ita,
986 3415 1019 3467 ut
1033 3410 1118 3472 color
1132 3409 1200 3468 eius
1218 3425 1278 3469 non

308 3492 444 3566 undique
459 3491 614 3565 adpareat.
636 3507 705 3550 nam
721 3507 759 3550 ne
775 3492 844 3566 ipsa
859 3491 980 3565 quidem
995 3491 1130 3565 undique
1141 3491 1278 3565 adparet.

309 3574 420 3633 nubem
435 3574 515 3633 enim
530 3588 635 3646 nemo,
658 3575 754 3648 quiin
770 3574 839 3649 ipsa
853 3582 915 3644 est,
938 3575 1030 3633 videt.
1051 3573 1124 3649 quid
1136 3589 1211 3648 ergo
1226 3576 1280 3635 mi·

308 3670 389 3732 runt,
411 3658 437 3718 si
453 3659 538 3720 color
552 3656 618 3718 eius
633 3673 694 3717 non
710 3658 828 3719 videtur
842 3656 880 3719 ab
896 3666 949 3739 eo,
968 3672 986 3722 a
1002 3674 1063 3743 quo
1078 3658 1148 3735 ipsa
1161 3673 1224 3722 uon
1236 3658 1280 3717 vi-
