2942 4384
371 478 510 539 norun.
527 479 688 554 ouansr.
710 479 783 539 ue.
795 479 847 539 vr.
869 488 1003 543 n-n.
1113 482 1174 544 aar

196 631 338 693 turbidus
352 630 432 693 enirn
448 631 588 691 detinens
602 632 686 691 Nilus
699 632 888 707 multumque
899 648 1004 692 secum
1016 635 1104 693 coeni
1117 642 1173 694 tra·
1187 650 1205 699 a

197 716 273 774 hens
295 722 325 775 et
344 716 374 774 id
397 716 526 774 subinde
548 716 708 788 adponens
727 716 879 790 prioribus
895 716 984 775 terris
999 717 1176 793 Aegyptum

197 816 300 858 annuo
323 799 508 857 incremento
531 814 653 872 semper
673 800 753 858 ultra
770 799 844 860 tulit.
873 800 943 858 inde
960 800 1081 873 pinguis
1097 808 1127 859 et
1140 802 1173 861 li·

197 882 276 941 mosi
291 883 350 940 soli
365 890 482 941 estnec
497 883 557 940 ulta
572 883 729 941 intervella
745 883 774 941 in
790 882 944 969 sehabet,
968 884 1024 942 sed
1036 886 1133 943 crevit
1144 886 1173 944 in

197 967 328 1025 solidum
344 973 503 1024 arescente
519 966 604 1038 limo,
626 968 712 1025 cuius
729 982 839 1040 pressa
854 975 918 1025 erat
930 976 960 1026 et
970 968 1083 1026 sedens
1096 976 1174 1028 stru·

197 1057 297 1121 ethra,
324 1064 390 1107 curn
418 1056 520 1123 partes
545 1050 779 1121 glutinarentur‚
809 1066 866 1109 nec
892 1052 1054 1124 quicquam
1084 1052 1175 1112 inane

196 1133 379 1201 intervenire
390 1139 523 1206 poterat,
544 1148 611 1191 cum
621 1134 724 1193 solido
736 1133 887 1208 liquidum
900 1150 936 1193 ac
948 1136 1038 1194 molle
1051 1152 1175 1211 semper

197 1216 368 1275 accederet.
410 1216 472 1275 Sed
497 1224 636 1276 movetur
658 1223 688 1275 et
711 1219 874 1292 Aegyptus
896 1225 926 1277 et
945 1219 1055 1293 Delos,
1083 1228 1203 1295 qnam3

195 1300 350 1373 Vergilius
365 1306 445 1358 stnre
463 1300 564 1359 iussit:
583 1305 585 1311 ’

297 1386 493 1457 cumulumque
507 1386 566 1443 coli
579 1385 661 1443 dedit
674 1389 703 1443 et
715 1390 900 1445 contemnere
913 1392 1021 1445 ventos.

196 1467 275 1525 hanc
302 1466 476 1543 philosophi
499 1482 643 1541 quoque,
672 1468 796 1526 credula
821 1470 917 1544 natio,
945 1470 1087 1528 dixerunt
1111 1485 1173 1530 non

195 1551 312 1610 moveri
334 1558 459 1610 auctore
479 1550 620 1610 Pindaro.
662 1550 859 1628 Thucydides
880 1553 921 1612 ait
941 1562 1030 1612 antea
1051 1553 1174 1627 quidem

195 1635 338 1693 inmotam
363 1633 472 1706 luisse,
496 1635 553 1693 scd
575 1636 656 1693 circa
673 1634 969 1708 Peloponnesiacum
983 1638 1096 1696 bellum
1114 1644 1173 1697 tre-

195 1718 321 1776 muisse.
365 1718 563 1777 Callisthenes
585 1726 615 1778 et
637 1720 696 1778 alio
717 1727 855 1792 tempore
872 1718 913 1778 ait
932 1719 992 1778 hoc
1007 1720 1202 1785 occidissem

193 1802 280 1859 Inter
294 1804 399 1873 multu,
422 1800 533 1874 inquit,
549 1804 708 1876 prodictu,
729 1804 834 1875 quidus
848 1804 1021 1864 denuntiata
1034 1812 1078 1863 est
1091 1806 1174 1864 dnn-

193 1901 263 1943 rum
280 1887 411 1955 urbium,
433 1886 550 1945 Helices
563 1892 592 1945 et
604 1886 711 1958 Buris,
728 1888 853 1957 eversio,
868 1887 959 1958 sucre
972 1891 1102 1947 maxime
1115 1906 1174 1948 no-

194 1969 299 2027 tabilia
320 1972 456 2028 columne
476 1972 553 2041 ionis
569 1972 695 2028 inmensi
706 1975 736 2028 et
747 1970 835 2029 Delos
849 1973 973 2041 coitate.
996 1986 1086 2043 quam
1102 1971 1172 2030 ideo

194 2051 334 2109 stabilem
357 2052 453 2110 videri
477 2054 555 2125 vult,
585 2051 657 2125 quia
676 2053 752 2110 mari
777 2051 911 2126 inposita
936 2052 974 2111 sit
1000 2053 1174 2127 habeatque

195 2149 351 2193 concavas
374 2151 468 2208 rupes
491 2143 521 2195 et
542 2152 618 2195 saxa
640 2136 759 2209 pervia,
783 2152 863 2209 qnae
885 2137 957 2195 dent
977 2136 1172 2209 deprehenso

193 2218 259 2275 aeri
279 2218 418 2276 reditum.
446 2219 485 2278 ob
500 2219 559 2278 hoc
574 2227 604 2278 et
619 2219 735 2277 insulas
752 2234 823 2277 esse
838 2220 976 2279 certioris
991 2219 1050 2279 soli
1066 2221 1172 2279 nrbes·

195 2316 258 2374 qne
274 2317 311 2360 eo
327 2301 470 2374 tutioreS,
487 2320 548 2376 quo
561 2304 689 2376 propius
700 2303 740 2361 ad
751 2318 834 2361 mare
847 2311 1054 2362 accesserunt.
1082 2304 1201 2368 Falsas

193 2383 273 2443 haec
288 2400 359 2444 esse
374 2384 510 2459 Pompeii
522 2393 552 2445 et
561 2388 784 2445 Herculaneum
799 2402 935 2445 sensere.
971 2388 1067 2446 Adice
1081 2403 1169 2453 nunc,

195 2468 282 2541 quod
303 2471 401 2528 omnis
423 2485 477 2528 ora
498 2471 588 2528 maris
605 2470 740 2528 obnoxia
755 2478 802 2529 est
817 2470 965 2529 motibus:
989 2470 1034 2528 sic
1048 2470 1171 2545 Paphos

193 2568 257 2610 non
273 2554 368 2610 semel
384 2552 511 2624 corruit,
534 2554 579 2612 sio
595 2554 704 2611 nobilis
722 2561 752 2611 et
766 2553 836 2611 huic
850 2552 909 2611 iarn
926 2554 1079 2612 familiaris
1092 2555 1170 2612 malo

193 2636 360 2709 Nicopolis.
395 2636 529 2712 Cyprum
544 2637 636 2694 ambit
651 2639 743 2695 altum
758 2651 841 2694 mare
856 2644 885 2694 et
898 2636 1035 2709 agitatur.
1071 2639 1170 2713 Tyros

194 2725 225 2777 et
242 2719 311 2791 ipsa
325 2726 385 2777 tam
402 2727 540 2780 movetur
555 2737 644 2794 quarn
661 2720 791 2779 diluitur.
824 2720 902 2778 Hae
925 2721 937 2777 l
942 2736 1005 2777 ere
1027 2736 1171 2779 causae

195 2802 424 2873 redduntur,
448 2810 610 2877 propter
632 2819 727 2875 quas
748 2811 885 2862 tremat
906 2812 1018 2862 terra.

257 2885 377 2944 XXVll.
401 2885 594 2959 Quaedam·
614 2894 738 2944 tamen
758 2887 966 2960 proprioin
982 2887 1052 2945 hoe
1068 2887 1199 2956 Cam-1

197 2985 297 3042 pano
319 2977 419 3028 motu
442 2969 640 3029 accidisse
657 2979 873 3043 narrantur,
897 2970 1170 3044 quorumratio

196 3052 392 3111 reddenda
414 3062 480 3112 est.

258 3135 374 3195 Aiunt
411 3137 505 3194 enim
548 3145 820 3196 sexcentarum
857 3137 982 3195 ovium
1017 3152 1172 3209 gregem

196 3218 453 3279 exanimatum
485 3220 519 3279 in
551 3220 785 3292 Pompeiana
812 3219 980 3290 regione.
1021 3220 1087 3278 Non
1114 3228 1170 3290 est,

196 3316 293 3376 qnare
313 3302 372 3361 hoc
393 3311 483 3377 putes
506 3304 615 3365 onibus
636 3301 694 3361 illis
716 3303 824 3360 timore
838 3299 999 3359 accidisse.
1033 3302 1199 3386 Diximusa

195 3387 297 3444 solere
312 3394 382 3460 post
395 3403 524 3460 magnos
540 3395 684 3446 terrarum
697 3393 798 3444 motus
812 3384 1010 3458 pestilentiam
1023 3384 1097 3455 fieri,
1114 3400 1172 3449 uec

195 3470 226 3528 id
248 3469 355 3527 mirum
376 3478 432 3529 est.
462 3473 553 3531 multa
575 3470 654 3527 enim
677 3469 829 3527 mortifera
849 3474 879 3527 in
901 3469 960 3527 alto
981 3470 1088 3526 latenti
1118 3483 1171 3526 aer

195 3555 280 3628 ipse,
295 3552 357 3626 ‘qui
372 3554 420 3611 vel
438 3560 582 3613 terrarum
597 3554 690 3625 culpa
705 3552 751 3611 vel
769 3550 887 3626 pigritia
900 3558 929 3609 et
942 3558 1064 3609 aeterna
1081 3558 1171 3609 nocte

194 3636 357 3710 torpescit,
379 3636 491 3709 gravis·
502 3635 711 3696 haurientibus
733 3642 781 3693 εει
798 3635 844 3693 vel
861 3641 1023 3707 corruptus
1039 3634 1170 3693 interno·

193 3736 261 3780 rum
283 3719 396 3794 ignium
418 3720 504 3793 vitio,
534 3737 602 3779 cum
620 3729 670 3780 est
690 3719 864 3794 longositn
884 3717 1032 3837 emissus,
1061 3733 1172 3792 purum
