2942 4384
279 455 300 517 2
560 454 593 513 L.
614 454 760 513 ANNAEl
783 454 957 514 SENECAE

277 606 377 667 tiones
393 605 559 677 simulavit,
580 604 680 679 longis
697 604 890 663 sermonibus
913 613 943 664 et
960 606 998 663 de
1020 605 1170 665 industria
1188 608 1250 667 non

277 688 498 748 invenientibus
512 689 623 746 exitum
639 688 833 762 occasionem
846 687 969 761 petendi
982 689 1105 747 abstulit
1115 696 1145 749 et
1157 690 1250 748 variis

246 774 391 834 dantibus
408 770 608 831 necessitates
628 770 819 843 properantis
835 769 945 829 elusit?
972 770 1004 828 ln
1025 780 1156 844 angusto
1176 787 1249 831 vero

279 872 467 930 conpressus
491 861 540 912 aut
561 854 688 925 distulit,
711 853 741 910 id
760 860 808 911 est
829 852 932 911 timide
953 855 1088 926 negavit,
1110 862 1162 914 aut
1177 870 1248 929 pro-

277 940 373 1011 misit,
396 938 452 996 sed
472 936 648 1008 difficulter,
665 936 721 994 sed
735 935 893 994 subductis
910 938 1097 1009 superciliiS‚
1114 938 1171 995 sed
1187 954 1247 995 ma-

247 1022 367 1095 ilignis
384 1027 413 1078 et
429 1021 480 1078 vix
499 1018 679 1077 exeuntibus
698 1018 820 1076 verbis?
837 1018 932 1077 Nemo
945 1025 1045 1077 autern
1058 1020 1186 1078 libenter
1197 1021 1246 1078 de-

277 1105 329 1162 bet
349 1104 433 1177 quod
448 1118 508 1160 non
530 1102 661 1176 accepit,
685 1101 741 1181 sed
762 1102 924 1175 expressit.
968 1111 1071 1174 gratus
1098 1103 1246 1161 adversus

278 1202 347 1245 eum
365 1202 435 1245 esse
451 1183 614 1260 quisquam
635 1190 751 1258 potest,
775 1183 826 1257 qui
840 1181 1022 1243 beneficium
1044 1192 1095 1244 aut
1115 1186 1246 1258 superbe

279 1270 388 1329 abiecit
403 1274 454 1327 aul
469 1269 562 1326 iratus
578 1267 693 1341 inpegit
715 1274 767 1325 aut
787 1266 941 1339 fatigatus
964 1274 997 1325 ut
1012 1268 1151 1326 molestia
1165 1283 1244 1326 eare-

277 1359 337 1424 ret,
354 1352 458 1411 dedit‘l
478 1350 580 1423 Errat,
597 1352 621 1409 si
638 1350 707 1425 quis
720 1357 824 1424 sperat
838 1366 1058 1423 responsurum
1075 1350 1142 1421 sibi,
1158 1366 1243 1423 quem

245 1435 421 1495 8dilatione
446 1434 589 1503 lassavit,
613 1433 844 1507 exspectatione
864 1434 961 1492 torsit.
1005 1434 1122 1491 Eodem
1147 1434 1243 1491 animo

279 1517 602 1586 beneficiumdcbetur,
619 1516 784 1590 quodatur,
800 1523 830 1580 et
840 1515 909 1574 ideo
922 1532 982 1574 non
996 1524 1043 1575 est
1053 1516 1244 1588 neglegenter

278 1602 427 1672 dandum,
450 1600 508 1658 sibi
529 1600 607 1657 enim
631 1600 764 1673 quisque
781 1598 872 1657 debet
893 1599 975 1672 quod
995 1599 1184 1657 anesciente
1198 1612 1242 1655 ac-

278 1683 367 1756 cepit.
395 1698 434 1740 ne
451 1681 536 1741 tarde
552 1682 688 1756 quidem,
706 1684 792 1755 quia,
807 1697 875 1740 cum
890 1680 919 1740 in
935 1685 1015 1741 omni
1032 1681 1134 1742 officio
1147 1679 1241 1754 magni

277 1766 453 1825 aestimetur
479 1765 579 1823 dantis
604 1766 760 1835 voluntas,
781 1764 833 1838 qui
856 1766 940 1823 tarde
965 1766 1048 1835 lacit,
1072 1766 1124 1823 diu
1143 1763 1242 1824 noluit.

277 1845 381 1923 utique
397 1866 457 1908 non
474 1848 707 1907 contumeliose:
729 1864 798 1906 nam
821 1864 889 1907 cum
909 1847 950 1907 ita
973 1855 1118 1907 anatona
1133 1862 1241 1921 conpa-

276 1940 372 1991 ratum
389 1933 442 2001 sit,
466 1939 499 1990 ut
513 1932 601 1990 altius
619 1931 746 1990 iniuriae
768 1947 859 2005 quam
881 1932 987 1990 merita
1008 1932 1198 1989 descendant
1216 1936 1242 1987 61

274 2006 326 2074 illa
342 2016 400 2074 cito
418 2014 568 2085 defluant,
588 2014 643 2073 has
659 2022 750 2074 tenax
765 2015 911 2075 memoria
926 2015 1091 2085 custodiat,
1109 2014 1182 2088 quid
1194 2028 1240 2071 ex·

277 2105 409 2172 spectat,
433 2098 484 2173 qui
501 2098 641 2170 offendit,
660 2099 730 2157 dum
748 2099 880 2170 obligat?
901 2098 976 2156 satis
994 2097 1144 2155 adversus
1163 2098 1240 2155 illum

245 2196 262 2249 9
277 2190 380 2256 gratus
398 2188 458 2253 est,
482 2183 507 2239 si
524 2182 592 2254 quis
607 2182 757 2240 beneficio
774 2180 838 2238 eius
854 2180 994 2253 ignoscit.
1016 2181 1094 2239 Non
1110 2185 1168 2238 est
1188 2196 1239 2238 au·

275 2273 347 2323 tem
364 2265 463 2339 quod
486 2264 683 2332 tardiores
705 2262 827 2322 iaciat
848 2264 895 2321 ad
916 2262 1240 2321 benemerendum

276 2348 390 2406 turba
411 2346 660 2420 ingratorum.
683 2344 756 2403 Nam
774 2346 920 2419 primum,
941 2353 974 2405 ut
989 2347 1066 2419 dixi,
1090 2362 1147 2404 nos
1165 2346 1241 2403 illam

276 2446 439 2502 augemus:
465 2429 576 2487 deinde
590 2444 629 2487 ne
644 2430 719 2488 deos
738 2429 861 2502 quidem
875 2427 1050 2489 inmortales
1066 2429 1242 2487 abbaciam

277 2512 376 2571 effusa
396 2513 573 2585 benignitate
591 2512 730 2585 sacrilegi
747 2513 1005 2587 neglegentesque
1022 2528 1129 2570 eorum
1147 2512 1241 2569 deter-

276 2605 352 2655 rent.
385 2602 508 2655 utuntur
531 2601 638 2654 natura
658 2606 715 2653 sua
740 2602 770 2653 et
796 2603 906 2655 cuncta
930 2595 1066 2669 interque
1087 2595 1139 2653 illa
1158 2595 1242 2667 ipsos

276 2695 434 2739 munerum
455 2694 577 2739 suorum
594 2680 690 2738 malos
711 2678 890 2751 interpretes
906 2679 1018 2738 iuvant.
1052 2680 1118 2737 Hos
1134 2693 1242 2751 sequa

275 2780 344 2821 mur
358 2763 470 2833 duceS,
493 2768 637 2836 quantum
654 2761 787 2820 bumana
801 2762 979 2821 inbecillitas
995 2760 1121 2835 patitur:
1137 2762 1242 2821 demus

275 2844 439 2916 beneficia,
461 2860 521 2902 non
541 2846 723 2903 feneremus.
759 2844 874 2917 Dignus
894 2853 941 2903 est
961 2844 1060 2918 decipi
1075 2842 1126 2918 qui
1144 2845 1184 2901 de
1198 2860 1242 2903 rc·

234 2938 268 2989 10
277 2926 417 3001 cipiendo
440 2926 595 3000 cogitavit,
619 2942 686 2986 cum
702 2927 796 2987 daret.
839 2929 880 2986 Α1
900 2930 977 2986 nrale
998 2928 1139 2986 cesserit:
1162 2936 1196 2986 et·
1213 2926 1242 2984 li·

275 3011 340 3069 beri
357 3017 387 3069 61
401 3009 547 3084 coniuges
563 3025 649 3084 spem
666 3011 851 3082 leiellerunt,
873 3018 972 3070 tamen
988 3016 1018 3069 61
1035 3011 1202 3069 educamus
1217 3015 1243 3067 61

276 3093 424 3172 ducimus.
462 3095 603 3168 adeoque
617 3094 767 3153 adversus
783 3095 990 3167 experimenta
1007 3095 1179 3168 pertinaces
1195 3109 1241 3152 su-

275 3193 358 3249 muS,
382 3184 414 3237 ut
428 3177 506 3236 bella
521 3178 591 3236 victi
607 3183 637 3235 61
651 3177 789 3251 naufragi
804 3178 898 3236 maria
918 3184 1108 3252 repetamus=
1131 3183 1241 3250 quanto

274 3260 372 3334 magis
387 3276 565 3335 permanere
580 3260 610 3319 in
627 3260 736 3319 dandis
748 3260 906 3320 beneficiis
919 3262 1028 3320 dccet?
1045 3260 1162 3336 quaesi
1176 3260 1240 3335 quis

173 3344 175 3349 ’
276 3360 337 3404 non
352 3344 417 3417 dat,
442 3346 513 3417 quia
529 3360 590 3403 non
607 3344 740 3417 recepit,
763 3344 846 3403 dedit
860 3351 892 3403 ut
905 3344 1055 3417 reciperet
1071 3344 1240 3417 bonamque

275 3428 458 3500 ingratorum
480 3427 552 3488 iacit
566 3443 703 3499 causam,
729 3425 840 3501 quibus
863 3428 914 3498 [ita
933 3428 1063 3497 demum]
1088 3435 1176 3500 turpe
1198 3431 1241 3484 est

233 3517 336 3569 llnon
351 3512 495 3581 reddere,
518 3511 544 3568 si
560 3510 638 3569 licet.
671 3510 765 3583 Quam
782 3511 866 3569 multi
880 3510 994 3583 indigni
1014 3511 1082 3568 luce
1105 3516 1196 3568 sunt?
1214 3515 1239 3565 et

275 3601 374 3651 tamen
390 3594 455 3651 dies
472 3591 574 3652 oritur.
597 3593 691 3665 Quam
707 3594 789 3652 inulti
804 3594 885 3667 quod
903 3594 962 3651 noti
975 3599 1044 3652 sunt
1056 3596 1239 3667 queruntur

276 3682 374 3735 tamen
391 3683 497 3736 natura
518 3672 655 3736 sobolem
674 3692 784 3737 novam
805 3677 900 3752 gignit
921 3678 1084 3752 ipsosque,
1112 3677 1236 3751 quinon
