2942 4384
257 449 300 513 36
543 446 577 505 L.
600 443 746 503 ANNAEI
769 441 944 502 SENECAE

258 616 342 674 mus,
367 613 406 657 ne
432 599 513 658 velut
535 595 715 657 intolerabili
742 595 862 655 sarcina
885 595 1026 670 depressi
1052 595 1224 657 deficiamus

259 685 382 744 animat
409 681 510 755 „bona
530 680 603 739 mibi
624 681 737 738 denaia
754 686 827 738 sunt
848 685 878 737 et
900 680 995 739 tames
1011 679 1157 754 defensa,
1179 680 1225 740 de

262 776 374 829 tractae
395 765 521 837 sordeS,
545 768 698 837 [servatus]
721 763 846 837 spiritus
861 769 891 821 et
912 762 1035 822 libertas
1051 763 1154 837 potior
1170 764 1227 837 spi·

259 852 333 911 ritu:
362 858 392 910 et
413 848 567 923 quomodo
591 848 705 905 reterre
729 848 855 920 gratiam
880 853 1010 919 poterot
1036 847 1161 919 quando
1183 847 1228 906 illa

233 935 361 997 eveniet
376 932 458 1003 dies,
482 948 543 1006 quo
559 930 599 989 illi
616 931 747 989 animum
762 945 860 988 meum
876 930 1081 989 ostendamur
1110 930 1167 990 Hic
1182 930 1228 989 ille

261 1025 323 1089 est,
351 1032 412 1090 quo
434 1015 502 1089 ipse
523 1030 611 1074 suum
636 1014 777 1072 ostendit.
811 1012 920 1087 excipe
941 1012 1144 1086 beneficium,
1171 1029 1229 1073 am-

261 1102 397 1176 plexare.
430 1098 545 1171 gaude,
568 1112 628 1155 non
650 1098 734 1171 quod
755 1096 905 1170 accipias,
935 1096 992 1155 sed
1013 1096 1098 1170 quod
1119 1097 1230 1156 reddas

262 1184 483 1256 debiturusque
497 1182 550 1240 sis.
584 1197 644 1239 non
664 1180 762 1239 adibis
775 1187 835 1239 tam
853 1195 980 1254 magnae
995 1180 1038 1238 rei
1055 1178 1230 1252 periculum,

262 1273 295 1327 ut
309 1282 401 1326 casus
417 1264 567 1338 ingratum
585 1264 685 1322 iacere
701 1269 728 1321 te
743 1264 851 1337 possit.
878 1263 983 1323 Nullas
995 1263 1047 1323 tibi
1061 1278 1231 1336 proponam

262 1350 472 1420 difficultates,
494 1364 532 1406 ne
547 1348 744 1421 despondeas
767 1347 880 1419 animo,
904 1364 943 1406 ne
963 1347 1101 1406 laborum
1117 1362 1155 1406 ac
1170 1347 1232 1408 lon·

261 1449 319 1508 gae
337 1432 490 1493 servitutis
508 1430 739 1505 exspectatione
757 1431 893 1490 delicias.
925 1447 987 1491 non
1003 1430 1113 1489 differo
1129 1435 1176 1489 te:
1196 1430 1233 1489 de

262 1515 475 1591 praesentibus
497 1516 558 1574 liat.
586 1514 757 1588 Numquam
779 1515 840 1573 eris
855 1522 975 1588 gratus,
997 1513 1057 1573 nisi
1072 1512 1175 1573 statim
1191 1528 1233 1573 es.

234 1600 338 1673 tiluid
359 1615 432 1673 ergo
453 1600 571 1657 faciest
598 1614 658 1657 non
675 1613 759 1657 arma
774 1598 923 1658 sumenda
937 1605 1022 1657 sunt:
1052 1603 1083 1655 et
1103 1597 1234 1657 tortasse

263 1690 358 1743 erunt.
389 1699 450 1741 non
471 1680 566 1740 maria
588 1682 770 1741 emetienda:
801 1683 933 1741 sortasse
952 1682 1042 1741 etiam
1064 1681 1164 1740 ventis
1183 1679 1234 1739 mi·

263 1767 404 1826 nantibus
426 1766 540 1825 solves.
571 1765 616 1825 vis
640 1765 772 1825 reddere
794 1764 1001 1825 beneficium?
1027 1764 1161 1837 benigne
1186 1779 1234 1823 ac·

264 1851 345 1924 cipe:
375 1849 503 1909 retulisti
523 1848 663 1922 gratiam,
684 1865 746 1909 non
764 1857 796 1908 ut
811 1849 944 1908 solvisse
958 1856 988 1909 te
1003 1856 1109 1924 puteS,
1132 1849 1190 1907 sed
1206 1853 1235 1908 ul

265 1934 401 1994 securior
416 1932 542 1993 debeas.

640 2070 854 2082 -.-——-

551 2229 585 2307 b.
610 2224 749 2308 lltllt
777 2223 946 2306 stlttltt

478 2379 529 2429 ΑΙ)
556 2377 761 2429 AEBUTIUM
787 2376 1019 2426 LIBERALEM

375 2482 1130 2593 tlutlll'lclls

641 2668 775 2730 urana
804 2666 855 2730 nr.
883 2635 886 2640 ’

238 2954 250 3003 1
327 2934 350 2991 Ι.
372 2934 437 2993 Νοιι
457 2934 571 2994 referre
584 2933 743 2993 beneficiis
759 2936 886 3009 gratiam
901 2941 930 2993 et
946 2941 993 2993 est
1008 2941 1095 3007 turpe
1110 2941 1140 2993 et
1154 2934 1237 3008 apud

267 3018 373 3077 ornnes
387 3017 531 3092 habetur,
554 3019 665 3078 Aebuti
681 3018 837 3078 liberalis.
866 3020 936 3078 ideo
953 3019 991 3078 de
1006 3018 1132 3090 ingratis
1147 3020 1239 3077 etiarn

267 3102 374 3175 ingrati
391 3110 572 3175 queruntur,
590 3118 658 3161 oum
669 3102 788 3161 interim
799 3103 858 3161 hoc
871 3101 1011 3161 omnibus
1024 3100 1138 3172 haeret,
1153 3101 1238 3175 quod

267 3184 407 3245 omnibus
424 3185 579 3260 displicet,
603 3185 745 3259 adeoque
760 3187 789 3244 in
805 3185 988 3245 contrarium
1003 3184 1076 3256 itur,
1101 3191 1135 3243 ut
1146 3200 1240 3258 quos-

268 3269 337 3327 dam
356 3269 523 3330 habeamus
544 3269 761 3330 infestissimos
785 3287 844 3329 non
863 3277 933 3343 post
948 3268 1098 3328 beneficia
1112 3274 1238 3339 tantum,

239 3353 323 3416 used
346 3359 471 3426 propter
492 3354 650 3413 beneficia.
689 3354 755 3413 Hoc
776 3353 924 3428 pravitate
946 3358 1072 3411 naturae
1097 3350 1240 3409 accidere

269 3435 452 3510 quibusdam
474 3453 533 3495 non
561 3437 750 3510 negaverim:
783 3437 934 3511 pluribuS,
966 3436 1038 3510 quia
1062 3435 1240 3494 memoriam

267 3527 389 3593 tempus
411 3520 621 3593 interpositum
645 3521 798 3580 subducit.
823 3521 892 3579 narn
909 3536 988 3594 quae
1007 3518 1142 3577 recentia
1156 3517 1240 3592 apud

268 3602 337 3660 illos
354 3603 526 3675 viguerunt,
550 3618 585 3661 ea
600 3604 755 3664 interiecto
772 3604 870 3678 spatio
887 3602 1094 3664 obsolescunt.
1119 3601 1158 3660 de
1174 3603 1239 3676 qui-

268 3685 328 3744 bus
339 3686 434 3748 luisse
444 3687 516 3746 milri
526 3694 626 3748 tecum
635 3686 872 3761 disputationem
884 3686 958 3761 scio,
975 3702 1042 3745 crim
1054 3694 1085 3745 tu
1099 3686 1169 3747 illos
1180 3701 1239 3746 non
