2942 4384
322 473 385 540 194
468 492 472 496 ’
545 485 548 490 “
609 474 643 533 t.
663 473 810 534 ANNAEI
832 465 1009 534 SENECAE

320 636 372 690 aut
386 628 494 688 laisum
510 634 571 699 est,
595 625 679 701 quod
694 626 733 684 de
747 624 817 699 igne
832 623 962 684 dixistis.
985 632 1032 685 est
1046 622 1125 684 enim
1142 624 1184 684 illi
1198 640 1296 701 aeque

319 729 441 773 sursum
457 712 512 769 iter
527 726 618 783 quam
634 710 809 768 deorsum.“
841 709 1010 783 Utrumque
1023 724 1130 769 verum
1145 724 1219 769 esse
1233 718 1295 783 pot-

319 802 376 855 est.
399 796 476 868 ignis
493 794 571 852 enim
586 799 693 851 natura
709 792 737 849 in
755 791 897 851 verticem
913 790 1009 865 surgit
1023 798 1066 864 et,
1089 792 1115 851 si
1128 791 1202 851 nihil
1215 794 1296 853 illum

319 878 475 954 prohibet,
491 876 665 947 adscendit,
681 873 760 934 sicut
774 891 855 947 aqua
867 881 974 933 natura
986 874 1134 933 defertur:
1157 875 1185 934 si
1196 882 1296 935 tamen

320 960 483 1034 aliquavis
501 959 647 1032 accessit,
671 973 750 1031 quae
766 958 846 1016 illam
862 959 891 1016 in
909 957 1091 1017 conuentum
1108 957 1296 1033 circumage-

319 1053 379 1116 ret,
402 1044 453 1102 illo
469 1041 647 1114 intenditur,
671 1042 751 1100 unde
766 1042 862 1101 imbre
877 1039 996 1100 deiecta
1011 1048 1067 1101 est·
1102 1040 1231 1100 Fulmen
1247 1058 1296 1101 au·

291 1134 380 1193 atem
404 1125 512 1184 eadem
538 1123 736 1196 necessitate,
759 1140 819 1198 qua
843 1124 1008 1196 excutitur,
1030 1123 1152 1182 decidit.
1189 1124 1224 1183 ln
1250 1125 1296 1183 his

320 1209 441 1282 ignibus
464 1208 573 1267 accidit
594 1210 678 1281 quod
699 1206 873 1279 arboribuS,
897 1223 1024 1281 utrarum
1045 1207 1205 1265 cacumina
1222 1206 1296 1266 trahi

319 1299 451 1367 possunt
465 1292 520 1364 ita,
542 1297 698 1350 ulterram
715 1298 869 1365 spectent,
892 1294 919 1349 si
934 1296 1038 1349 tenera
1054 1297 1139 1362 sunt,
1162 1290 1255 1349 etiam
1266 1296 1297 1350 ut

320 1376 491 1448 adtingam,
514 1374 572 1433 sed
587 1390 655 1433 cum
672 1374 861 1448 permiseriS,
883 1374 911 1433 in
927 1374 1027 1432 locum
1042 1388 1131 1431 suum
1145 1372 1297 1454 exsilient

319 1460 424 1533 itaque
437 1474 498 1517 non
513 1464 576 1529 est,
600 1458 684 1530 quod
699 1473 767 1516 eum
784 1465 906 1530 spectes
923 1456 1073 1530 cuiusque
1092 1456 1137 1514 rei
1151 1454 1296 1529 habitum,

292 1542 374 1614 aqui
394 1540 435 1599 illi
457 1557 516 1600 non
540 1556 579 1597 ex
600 1542 756 1600 voluntate
778 1547 833 1598 est.
877 1538 908 1598 Si
926 1538 987 1612 igni
1005 1539 1159 1612 permittes
1174 1540 1220 1599 ire
1237 1556 1295 1613 quo

320 1623 409 1696 velit,
433 1624 566 1694 coelum,
589 1622 619 1681 id
640 1629 689 1681 est
708 1621 854 1680 levissimi
877 1623 1025 1696 cuiusque
1042 1624 1148 1681 sedem
1162 1629 1295 1697 repetet:

321 1707 374 1765 ubi
395 1712 443 1764 εει
464 1705 594 1778 aliquid,
620 1706 702 1778 quod
723 1720 792 1762 eum
814 1706 901 1763 leriat
916 1712 945 1764 et
962 1704 1000 1764 ab
1016 1705 1120 1779 inpetu
1136 1720 1195 1766 suo
1211 1722 1296 1766 aver·

321 1796 379 1862 tat,
402 1789 431 1846 id
448 1804 508 1847 non
525 1794 646 1861 natura,
667 1789 723 1847 sed
740 1787 872 1847 servitus
888 1789 953 1848 eius
969 1789 1011 1848 lit.

383 1871 476 1930 XXV.
503 1870 622 1944 „Dieis,
650 1870 770 1945 inquis,
798 1871 896 1930 nubes
917 1872 1043 1931 adtritas
1064 1871 1157 1930 edere
1180 1872 1296 1945 ignem=

323 1970 391 2018 oum
419 1954 479 2014 sint
504 1954 662 2026 humidae,
693 1954 784 2015 immo
805 1956 901 2026 udae,
922 1955 1078 2029 quomodo
1099 1950 1234 2028 possunt
1254 1956 1295 2027 gi·

322 2053 416 2113 gnere
432 2038 545 2112 ignem‚
569 2054 658 2112 quem
671 2055 732 2098 non
743 2038 841 2112 magis
852 2037 1015 2097 verisimile
1027 2044 1075 2097 εει
1085 2037 1151 2097 lieri
1163 2053 1205 2098 ex
1217 2038 1297 2098 nube

324 2139 414 2197 quam
432 2137 471 2180 ex
487 2126 613 2196 εεεει(ι

294 2209 310 2260 1
384 2206 491 2265 XXVI.
517 2205 564 2262 Ex
584 2203 665 2263 nube
687 2204 831 2264 nascitur.
870 2204 1002 2264 Primum
1020 2204 1050 2262 in
1076 2203 1211 2264 nubibus
1235 2219 1295 2264 non

322 2304 404 2361 aqua
424 2294 486 2361 est,
508 2287 562 2346 sed
583 2303 636 2346 aer
651 2289 773 2360 spissus
789 2289 829 2347 ad
843 2288 1025 2362 gignendam
1041 2302 1152 2361 aquam
1168 2302 1296 2361 praepa·

322 2378 422 2443 ratuS,
444 2370 578 2430 nondum
598 2371 628 2429 in
644 2367 723 2430 illam
739 2377 885 2444 mutatuS,
909 2372 965 2431 sed
980 2372 1037 2430 iam
1055 2386 1171 2445 pronus
1185 2378 1216 2431 et
1230 2386 1297 2429 ver-

322 2468 409 2527 gens.
442 2460 589 2525 nonest,
612 2454 695 2527 quod
715 2454 870 2514 existimes
892 2470 958 2514 eam
983 2453 1068 2529 prius
1089 2453 1207 2528 colligi,
1234 2460 1297 2513 tum

294 2536 456 2597 testandi:
484 2537 574 2596 simul
596 2538 629 2597 fit
650 2544 680 2596 et
699 2538 788 2598 cadit.
827 2538 943 2597 Deinde
958 2538 985 2598 si
1001 2552 1186 2597 concessero
1201 2536 1297 2596 humi-

323 2620 392 2680 dam
415 2636 485 2680 esse
506 2620 617 2679 nubem
639 2622 795 2694 conceptis
818 2621 907 2695 aqrris
930 2622 1069 2696 plenam,
1097 2619 1171 2679 nihil
1196 2628 1297 2681 tamen

316 2703 464 2778 prohibet
481 2704 580 2778 ignem
598 2719 637 2763 ex
652 2704 776 2763 humido
792 2719 916 2779 quoque
931 2703 1036 2776 educi,
1056 2704 1147 2761 immo
1162 2719 1203 2763 ex
1217 2705 1297 2777 ipso,

324 2788 408 2861 quod
419 2788 516 2860 magis
529 2787 654 2858 mireris,
668 2789 805 2847 humore.
821 2789 944 2861 quidam
956 2794 1144 2860 negaverunt
1153 2788 1184 2846 in
1196 2787 1297 2860 ignem

324 2870 488 2943 quicquam
514 2886 608 2943 posse
637 2871 763 2943 mutari,
792 2870 970 2945 priusquam
996 2878 1141 2930 mutatum
1163 2878 1249 2930 esset
1267 2870 1296 2928 in

324 2967 444 3025 aquam.
478 2959 579 3025 potest
599 2967 672 3027 ergo
694 2954 792 3013 nubes
814 2956 912 3028 salva,
936 2971 1027 3029 quam
1045 2954 1192 3027 continet,
1214 2970 1297 3027 aqua

325 3035 424 3109 ignem
447 3041 531 3109 parte
552 3035 655 3110 aliqua
675 3037 721 3096 sui
740 3038 884 3109 reddere,
907 3045 939 3099 ut
953 3053 1048 3112 saepe
1062 3037 1122 3096 alia
1138 3052 1210 3111 pars
1225 3036 1296 3110 ligni

287 3124 312 3191 ,3
324 3119 424 3193 ardet,
449 3119 508 3178 alia
529 3120 648 3180 sudat:
668 3121 730 3179 Nec
750 3120 913 3194 hoedico,
933 3138 993 3181 non
1009 3120 1157 3181 contraria
1171 3119 1249 3179 inter
1263 3135 1297 3179 se

323 3203 383 3263 ista
397 3218 468 3262 esse
479 3211 509 3264 et
523 3204 648 3264 alterum
663 3207 757 3264 altero
774 3203 895 3279 perimi,
918 3206 975 3265 sed
991 3205 1041 3264 ubi
1056 3206 1205 3263 valentior
1218 3204 1297 3278 ignis

324 3303 414 3361 quam
438 3287 546 3347 humor
565 3295 626 3361 est,
648 3288 750 3349 vineit.
779 3303 887 3348 rursus
906 3304 974 3347 cum
990 3287 1079 3362 copia
1093 3287 1230 3347 humoris
1245 3302 1297 3345 ex·

324 3378 463 3445 superat,
488 3376 560 3430 tunc
581 3371 660 3444 ignis
681 3370 748 3431 sine
769 3371 880 3431 effectu
900 3377 955 3431 εει.
986 3371 1090 3445 itaque
1109 3387 1171 3431 non
1191 3370 1300 3429 ardent

323 3455 459 3514 virentia.
499 3455 604 3514 Relert
626 3470 699 3529 ergo
723 3462 866 3529 quantum
887 3470 987 3529 aquae
1007 3456 1055 3515 sit.
1085 3454 1197 3529 exigua
1216 3454 1297 3513 enim

295 3544 385 3597 tnon
407 3538 529 3597 resistet
548 3552 605 3595 nec
625 3538 686 3597 vim
706 3537 785 3612 ignis
806 3539 949 3611 inpediet.
992 3537 1120 3613 quidni?
1149 3535 1298 3610 Maiarum

325 3627 499 3681 nostrorum
520 3618 680 3694 memoria,
701 3630 734 3683 ut
754 3621 937 3682 Posidonius
954 3622 1093 3695 tradidit,
1114 3637 1184 3682 cum
1197 3619 1299 3681 insula

325 3702 355 3762 in
369 3704 474 3779 Aegeo
490 3703 565 3765 mari
577 3712 729 3780 surgeret,
745 3705 908 3781 spumabat
918 3703 1049 3767 interdiu
1061 3720 1143 3766 mare
1155 3713 1185 3767 ει
1196 3705 1299 3766 lumus
