2942 4384
420 434 560 493 nnnua.
578 432 740 506 ouansr.
761 433 894 492 uisui.
916 441 1030 496 7-10.
1147 410 1211 496 ato

236 584 368 644 habeant
382 584 461 641 enim
477 588 597 656 oportet
612 581 748 654 pluribus
764 580 839 639 locis
855 596 994 653 sparsum
1011 579 1167 639 humorem
1180 588 1211 640 et

236 666 344 726 inimo
361 673 513 737 coactum,
533 674 567 724 ut
584 673 720 724 eructare
736 670 817 722 tanto
834 662 938 735 inpetu
954 664 1082 736 possint.

299 750 349 808 lX.
371 749 500 822 Ignem
522 763 674 806 causam
695 754 819 805 motus
838 747 991 819 quidam
1007 753 1042 804 et
1058 744 1236 819 quideml

235 848 310 892 non
333 831 378 891 ob
400 832 566 890 eamdem
588 846 744 889 causam
764 829 954 888 iudicant:
976 827 1111 902 inprimis
1127 833 1208 888 Ana-

236 930 385 989 xagoras,
414 914 465 987 qui
486 911 638 972 existimat
664 913 770 985 „simili
794 927 893 986 paene
913 929 953 971 ex
974 927 1068 970 causa
1089 919 1118 970 et
1138 916 1209 971 adra

236 996 358 1058 concuti
381 1003 554 1065 ulterram,
581 1012 649 1054 cum
671 996 699 1053 in
722 996 864 1055 interiore
879 1003 964 1068 parte
984 995 1109 1069 spiritus
1126 1011 1209 1055 cras-

236 1097 305 1140 sum
326 1083 396 1138 atra
417 1088 447 1138 et
465 1080 495 1137 in
516 1079 613 1137 nubes
636 1084 774 1137 coactum
789 1079 896 1137 eadem
912 1078 956 1150 vi,
980 1094 1041 1151 qua
1054 1079 1137 1151 apud
1151 1095 1208 1138 nos

236 1178 363 1239 quoque
380 1162 481 1221 nubila
496 1160 593 1235 frangi
608 1163 721 1233 solent,
744 1162 855 1235 rumpit
869 1168 898 1219 et
913 1162 992 1235 ignis
1007 1178 1047 1220 ex
1061 1161 1119 1221 hoc
1137 1178 1208 1221 con-

236 1248 297 1306 lisu
318 1244 441 1304 nubium
462 1261 616 1318 cursuque
631 1244 697 1304 elisi
713 1244 793 1303 aeris
808 1244 938 1304 emicuit.
962 1245 1011 1303 hic
1028 1245 1139 1319 ipsein
1155 1244 1209 1305 ob-

236 1330 287 1387 via
305 1328 429 1388 incurrit
444 1329 557 1387 exitum
574 1343 724 1401 quaerens
741 1342 776 1385 ac
792 1326 906 1386 divellit
920 1327 1135 1401 repugnantia,
1154 1329 1209 1387 do·

235 1427 294 1471 nec
316 1426 369 1486 per
390 1418 518 1485 angusta
534 1420 586 1470 aut
600 1419 706 1470 nactus
722 1417 770 1469 est
784 1410 862 1468 viam
877 1410 1010 1469 exeundi
1025 1412 1063 1469 ad
1081 1412 1208 1482 coelum,

236 1502 289 1555 aut
303 1495 332 1552 vi
345 1500 374 1553 et
387 1494 495 1553 iniuria
512 1495 611 1553 lecit.“
642 1494 701 1553 Alii
717 1496 747 1551 in
764 1495 833 1566 igne
849 1509 974 1552 causam
989 1493 1113 1567 quidem
1128 1509 1207 1567 esse,
1220 1500 1238 1551 2

236 1577 293 1637 sed
310 1594 369 1637 ηοη
387 1576 425 1636 ob
440 1577 498 1638 hoc
513 1577 661 1649 indicant,
683 1578 738 1636 sed
756 1577 826 1650 quia
841 1578 979 1649 pluribus
992 1577 1120 1636 obrutus
1131 1576 1209 1636 loeis

236 1661 343 1721 ardeat
360 1667 390 1719 et
412 1661 549 1734 proxima
571 1676 712 1733 quaeque
734 1668 900 1719 consumat.
936 1676 1015 1734 quae
1037 1659 1207 1735 siquando

235 1758 332 1802 exesa
347 1742 523 1813 ceciderint,
543 1751 615 1802 ωηο
630 1743 717 1816 sequi
731 1751 842 1803 motum
855 1758 957 1801 earum
969 1743 1113 1817 partium,
1129 1758 1208 1817 quae

235 1825 382 1885 subiectis
398 1825 587 1885 adminiculis
603 1827 763 1884 destitutae
778 1825 894 1897 labant,
919 1827 1017 1886 donec
1030 1834 1208 1885 corruerunt

235 1909 320 1967 nullo
342 1916 533 1982 occurrente,
556 1910 639 1982 quod
661 1925 739 1968 onus
762 1909 931 1982 exciperet:
953 1918 1023 1969 tunc
1042 1909 1206 1980 chasmata,

234 1999 308 2051 tunc
321 1992 420 2051 hiatus
436 1992 513 2050 vasti
527 1992 709 2064 aperiuntur,
733 1999 798 2063 aut,
822 2008 890 2049 cum
911 1992 963 2050 did
985 1991 1207 2062 dubitaverunt,

235 2089 332 2147 snper
347 2090 384 2133 ea
399 2090 448 2145 se,
471 2090 550 2148 quae
565 2081 729 2147 supersunt
744 2081 900 2147 stantque,
925 2081 1110 2147 conponunt.
1142 2074 1236 2138 lloce

235 2158 320 2231 apud
341 2174 398 2218 nos
419 2173 542 2231 quoque
563 2159 702 2216 videmus
726 2158 880 2228 accidere,
903 2157 1045 2231 quotiens
1067 2158 1207 2216 incendio

235 2240 355 2299 laborat
375 2256 447 2314 pars
470 2240 614 2299 civitatis:
639 2257 705 2301 cuin
729 2248 856 2299 exustae
870 2239 972 2299 trabes
988 2249 1059 2300 sunt
1074 2248 1125 2299 :tut
1142 2256 1207 2299 cor-

235 2330 341 2396 rupta,
365 2339 443 2397 quae
461 2324 671 2396 superioribus
688 2324 907 2383 firmamentum
923 2324 1048 2395 dabant,
1071 2332 1141 2383 tunc
1156 2324 1209 2384 diu

235 2405 347 2479 agitata
368 2406 486 2479 lastigie
503 2406 667 2465 concidunt
682 2413 786 2465 ettam
802 2406 854 2465 diu
869 2407 1044 2466 deteruntur
1058 2416 1149 2480 atque
1164 2406 1207 2465 in-

236 2495 320 2547 certa
334 2496 420 2560 sunt,
440 2490 539 2547 donec
553 2490 583 2547 in
599 2491 698 2549 solido
714 2490 903 2548 resederunt.

258 2624 261 2630 .
298 2570 335 2629 X.
364 2571 570 2631 Anaximenes
591 2580 721 2643 ‚terram
742 2571 841 2645 ipsam
863 2572 904 2629 ait
925 2570 983 2629 sibi
1000 2587 1070 2630 esse
1085 2586 1235 2636 causaml

236 2658 337 2712 motus
353 2669 409 2711 nec
421 2655 611 2713 extrinsecus
626 2654 794 2725 incurrere,
812 2656 893 2727 quod
906 2654 987 2712 illam
998 2654 1136 2728 inpellat,
1153 2655 1208 2713 sed

234 2734 314 2794 intra
334 2735 432 2809 ipsam
453 2743 482 2794 et
501 2752 541 2795 ex
562 2738 639 2810 ipsa.
668 2738 816 2812 quasdam
833 2737 912 2795 enirn
929 2743 1030 2810 partes
1045 2738 1110 2796 eius
1127 2737 1208 2795 deci·

235 2819 324 2890 dere,
350 2835 427 2893 quas
448 2827 500 2877 aut
519 2820 627 2879 humor
648 2822 809 2880 resolverit
829 2828 880 2879 aut
900 2819 980 2893 ignis
1004 2819 1141 2878 exederit
1157 2826 1210 2882 aut

235 2901 362 2973 spiritus
378 2902 519 2960 violentia
535 2905 714 2964 excusserit.
742 2904 797 2961 sed
812 2902 860 2961 his
876 2918 999 2977 quoque
1016 2902 1208 2962 cessantibus

236 2998 297 3042 ηοη
310 2982 436 3057 deesse,
454 2987 671 3059 propterquod
685 2985 799 3060 aliquid
812 2986 960 3046 abscedat
971 2993 1022 3045 aut
1032 2987 1208 3045 revellatur:

235 3080 306 3123 narn
323 3066 450 3139 primum
472 3069 572 3126 omnia
590 3077 741 3129 vetustate
763 3069 903 3129 labuntur
918 3070 1149 3143 necquicquam
1164 3075 1238 3127 tul

235 3156 297 3207 tum
315 3164 334 3207 a
348 3156 504 3215 senectute
519 3157 574 3210 cst.
597 3150 673 3210 llaec
687 3151 786 3210 solida
800 3167 923 3224 quoque
936 3157 964 3207 et
977 3151 1079 3222 magni
1090 3152 1208 3210 roboris

235 3230 349 3304 carpit=
368 3231 471 3305 itaque
482 3234 733 3307 quemadmodum
747 3232 776 3290 in
790 3232 938 3291 aedificiis
951 3232 1105 3292 veteribus
1115 3250 1208 3307 quae·

235 3313 306 3371 dam
326 3330 386 3373 ηοη
409 3330 557 3388 percussa
578 3323 676 3374 tamen
699 3314 855 3387 decidunt,
881 3331 949 3374 cum
972 3316 1039 3389 plus
1061 3316 1208 3389 ponderis

236 3394 371 3455 habuere
387 3414 477 3471 quam
493 3399 614 3470 virium,
637 3398 677 3456 ita
691 3398 720 3455 in
736 3397 796 3455 hoc
811 3398 956 3457 universo
968 3408 1065 3458 terrae
1078 3414 1208 3470 corpore

234 3479 350 3550 evenit,
367 3488 399 3538 ut
413 3488 516 3554 partes
534 3482 599 3540 eius
615 3488 765 3539 vetustate
781 3481 946 3553 solvantur,
967 3483 1085 3540 solutae
1097 3480 1208 3539 cadant

233 3566 265 3619 et
279 3566 440 3622 tremorem
456 3564 665 3636 superioribus
682 3565 835 3637 adierant,
852 3565 996 3638 primum,
1012 3565 1083 3623 dnm
1099 3564 1206 3622 absce-

234 3642 320 3705 dunt.
355 3644 425 3708 nihil
453 3646 533 3706 enim
553 3647 656 3722 utique
677 3662 820 3721 magnum
845 3649 911 3707 sine
936 3656 1020 3707 motu
1045 3648 1127 3720 eius,
1157 3647 1207 3706 cui
