2942 4384
359 477 411 538 DE
431 476 642 538 Btumtcus
663 476 800 537 LlB.VI.
824 484 956 541 40—43.
1083 478 1144 545 133

166 630 278 688 benten
292 626 436 700 debebis,
456 627 512 687 sed
526 642 594 687 cum
613 642 724 701 magna
736 626 893 701 voluptate
909 628 990 701 apud
1006 637 1034 687 te
1050 630 1145 705 depo·

167 711 261 771 situm
277 709 453 770 intueberis.
477 710 610 784 poenitet
624 710 741 783 accepti
754 710 894 769 beneficii
906 727 996 784 quem
1009 714 1144 773 nondum

166 793 280 853 redditi
296 793 394 873 pigeu
418 809 512 867 quare
529 792 579 867 qui
598 792 650 851 tibi
666 792 775 865 dignus
792 793 878 852 visus
894 799 941 852 est
955 810 973 851 a
989 811 1049 868 quo
1065 797 1143 854 aeci-

168 892 277 950 peres‚
301 875 443 948 indignus
459 876 599 935 videatur
613 875 661 934 eui
679 875 815 934 debeas?

230 957 334 1017 XLIIl.
361 959 394 1016 Iu
416 959 533 1032 magnis
554 957 707 1017 erroribus
730 964 816 1029 sunt,
843 958 894 1033 qui
910 958 1039 1032 ingentis
1054 960 1172 1020 animil

168 1042 298 1101 credunt
319 1042 471 1115 proferre,
495 1040 625 1113 donare,
649 1040 780 1114 plurium
796 1042 894 1100 sinum
911 1058 947 1101 ae
963 1044 1083 1101 domum
1100 1044 1143 1101 in-

167 1124 270 1199 plere,
293 1140 362 1183 eum
378 1124 436 1183 ista
450 1124 599 1183 interdum
614 1139 674 1182 non
689 1138 818 1196 magnus
829 1125 947 1183 animus
961 1125 1066 1197 iaciat,
1088 1128 1144 1185 sed

168 1222 281 1281 magna
301 1208 429 1267 fortuna.
458 1206 611 1277 nesciunt,
635 1213 747 1280 quanto
768 1208 886 1266 iuterim
902 1208 997 1267 ntaius
1013 1224 1049 1267 aa
1065 1209 1144 1267 diiii-

168 1290 266 1348 cilius·
279 1290 320 1349 sit
335 1305 447 1364 capere
463 1305 552 1363 quam
568 1289 703 1348 tundere.
727 1304 796 1347 nam
812 1296 844 1349 ut
858 1288 929 1347 nihii
944 1290 1028 1350 atteri
1044 1292 1143 1349 detra·

167 1370 257 1443 ham,
278 1371 422 1446 queniam
436 1379 598 1445 utrumque
613 1371 721 1429 virtute
737 1387 793 1445 par
803 1379 865 1442 est,
887 1387 947 1430 non
960 1372 1085 1430 minoris
1097 1381 1145 1431 est

168 1454 262 1513 animi
281 1454 462 1514 beneficium
484 1455 598 1514 debere
619 1470 709 1527 quam
729 1455 817 1512 dare:
840 1470 878 1513 eo
894 1454 1018 1527 quidem
1033 1470 1143 1527 opero·

168 1537 235 1597 sius
257 1536 319 1596 bue
338 1553 428 1611 quam
446 1538 534 1609 illud,
558 1552 619 1610 quo
635 1537 748 1596 maiore
764 1537 917 1610 diligentia
932 1536 1143 1597 custodiuntur

168 1627 299 1694 aceepta
310 1637 400 1695 quam
417 1622 535 1679 dantur.
570 1621 675 1693 Itaque
690 1635 751 1678 non
767 1627 814 1678 est
827 1620 1040 1694 trepidandum
1052 1630 1171 1693 quami

168 1703 228 1763 aito
254 1718 440 1777 reponamus
463 1718 520 1761 nee
546 1704 785 1776 procurrendum
810 1702 1038 1777 intempestive,
1072 1703 1144 1777 quia

167 1800 270 1860 aeque
292 1786 440 1860 delinquit
459 1786 509 1860 qui
529 1786 567 1844 ad
587 1786 777 1844 referendam
792 1787 918 1859 gratiam
933 1802 990 1846 suu
1005 1793 1143 1860 tempore

168 1874 274 1928 cessat
294 1885 386 1942 quam
407 1869 457 1943 qui
476 1870 575 1927 alieno
591 1875 744 1943 properat.
779 1868 913 1928 Positum
928 1870 969 1928 itti
985 1871 1069 1943 apud
1084 1886 1143 1929 me.

166 1966 226 2009 nee
248 1949 328 2010 itlius
348 1953 469 2011 nomine
492 1967 547 2009 nee
567 1967 635 2010 meo
656 1950 756 2010 timeo.
791 1952 870 2009 bene
892 1952 933 2009 illi
949 1959 1069 2010 cautum
1086 1960 1142 2011 est.

166 2049 230 2094 uun
247 2041 351 2107 potest
364 2035 423 2094 boc
436 2035 617 2094 beneficium
633 2035 764 2107 pendere
779 2032 838 2093 nisi
851 2049 984 2105 meeum,
999 2033 1091 2094 immo
1103 2051 1143 2094 ne

167 2131 291 2177 meeum
312 2117 517 2192 quidemz'egi
541 2116 581 2176 1111
596 2117 718 2191 gratias.
755 2116 810 2189 Qui
826 2116 914 2176 nimis
931 2116 969 2174 de
983 2116 1171 2177 reddendus

166 2200 321 2259 beneficio
342 2202 468 2274 cogitat,
495 2199 583 2259 nimis
611 2200 743 2273 cogitare
765 2200 890 2259 atterum
907 2201 945 2258 de
965 2199 1142 2273 recipiendo

169 2290 265 2357 putat
295 2282 433 2343 Praestat
444 2299 513 2343 esse
525 2284 554 2341 in
566 2290 727 2356 utrumque
740 2283 873 2342 facilem:
897 2282 922 2341 si
931 2283 1143 2357 vuttreeipere

166 2365 367 2438 beneficium,
386 2368 553 2425 reseramus
564 2367 792 2439 reddamusque
804 2364 882 2425 laeti.
905 2365 978 2423 iliud
990 2366 1073 2439 apud
1084 2381 1143 2427 nos

168 2448 320 2508 custodiri
339 2452 472 2509 mavult:
502 2448 575 2523 quid
595 2448 772 2507 thesaurum
793 2449 859 2508 eius
880 2447 1036 2507 eruimus?
1069 2450 1144 2523 quid

168 2532 343 2591 custodiam
361 2538 560 2591 recusamus?
584 2532 694 2605 dignus
709 2539 757 2590 est
771 2533 819 2589 eui
834 2540 933 2591 utrum
949 2533 1031 2591 votet
1044 2530 1142 2592 liceat.

169 2613 354 2689 Opinionem
365 2616 487 2689 quidem
499 2623 528 2675 et
540 2617 648 2673 samam
660 2629 696 2673 e0
711 2616 779 2674 Ιοεο
790 2613 972 2687 babeamus,
989 2621 1142 2687 tamquam

168 2712 231 2757 uon
246 2697 376 2771 ducem,
399 2698 455 2758 sed
469 2698 557 2773 sequi
572 2698 689 2758 debeat.
