2942 4384
232 485 233 492 ,
270 422 313 487 24
371 489 375 493 Δ
557 421 590 482 L.
609 420 756 482 ANNAEI
778 419 953 481 SENECAE

270 574 432 650 protessus
450 587 501 646 es,
521 572 601 632 hanc
622 588 785 646 personam
800 571 938 631 induisti:
959 573 1078 647 agenda
1095 582 1153 633 εει
1190 572 1262 635 ἰηὶ-“

271 656 450 732 quissimum
462 664 509 716 εει
518 663 548 713 ιε
559 656 719 730 pecuniam
731 656 790 714 sub
803 655 900 728 gloria
911 655 1057 728 egestatis
1068 657 1246 731 adquirere

269 739 480 815 Adspicienda
505 754 578 812 ergo
604 754 665 797 non
692 739 792 797 minus
818 754 876 797 sua
901 739 1011 812 cuique
1037 755 1172 813 persona
1197 750 1247 803 est

236 840 254 893 3
271 840 361 896 quam
376 823 457 895 eius,
474 822 513 880 de
529 839 589 895 quo
605 823 739 881 iuvando
754 822 821 895 quis
836 822 957 895 cogitat.
983 824 1063 883 Volo
1077 823 1256 901 Chrysippi·

270 907 365 967 nostri
391 906 434 979 uti
461 905 653 965 similitudine
679 905 718 963 de
742 905 821 978 pilae
835 906 920 964 lusu:
942 922 1032 979 quarn
1048 908 1161 967 cadere
1181 924 1243 968 non

269 997 317 1049 est
330 987 454 1067 dubium
470 996 521 1048 aut
541 988 682 1048 mittentis
697 989 771 1046 vitio
792 995 843 1047 aut
860 988 1050 1062 excipientis.
1085 996 1157 1049 tunc
1174 1006 1242 1050 cur-

269 1089 336 1133 sum
358 1087 447 1130 suurn
469 1078 585 1145 servat,
610 1072 662 1129 ubi
686 1072 764 1129 inter
789 1087 898 1130 manus
921 1072 1081 1147 utriusque
1106 1082 1178 1148 apte
1203 1073 1240 1132 ah

268 1162 399 1229 utroque
415 1161 443 1213 et
459 1155 568 1213 laetata
582 1161 612 1213 et
626 1161 755 1228 excepta
768 1163 918 1214 versatur.
939 1171 1070 1216 necesse
1081 1164 1127 1215 est
1140 1164 1240 1227 autern

268 1239 355 1298 lusor
369 1236 468 1297 bonus
484 1238 570 1296 aliter
585 1238 665 1296 illam
682 1239 837 1297 conlusori
852 1238 960 1312 longo,
977 1238 1063 1298 aliter
1077 1238 1164 1299 brevi
1175 1241 1248 1309 mit<

268 1328 320 1380 tat.
341 1321 455 1379 Eadem
471 1319 612 1380 benetioii
627 1321 701 1381 ratio
714 1329 776 1381 est:
793 1321 853 1380 nisi
869 1322 987 1395 utrique
1000 1338 1153 1396 personae
1166 1324 1239 1383 dan·

268 1403 307 1464 tis
322 1410 352 1463 et
366 1405 542 1478 accipientis
558 1411 692 1478 aptatur,
714 1420 773 1463 nec
787 1404 826 1463 ab
841 1405 900 1465 hoo
918 1405 1013 1465 exibit
1026 1420 1083 1464 nec
1097 1406 1137 1464 ad
1157 1406 1240 1465 illurn

236 1489 442 1562 spernente,
463 1496 498 1547 ut
518 1488 617 1545 debet.
652 1488 684 1546 Si
705 1504 775 1547 cum
795 1489 960 1548 exercitato
982 1496 1011 1549 et
1038 1489 1129 1548 docto
1146 1505 1239 1564 nego

268 1573 342 1631 tium
355 1579 415 1642 est,
441 1572 587 1629 audacius
602 1571 693 1644 pilam
710 1571 871 1631 mittemus.
907 1580 1071 1645 utcumque
1086 1572 1168 1631 enirn
1187 1590 1239 1632 ve-

268 1655 360 1727 nerit,
379 1669 488 1713 manus
501 1654 582 1713 illam
597 1655 741 1728 expedita
756 1662 785 1714 et
800 1655 887 1728 agilis
904 1655 1096 1729 repercutiet.
1119 1656 1148 1719 si
1169 1672 1239 1716 cum

267 1738 366 1796 tironc
383 1744 412 1796 et
426 1738 567 1808 indocto,
591 1745 728 1797 nontam
746 1739 843 1811 rigide
864 1738 920 1797 nec
935 1747 995 1798 tam
1010 1738 1160 1813 excusse,
1182 1739 1240 1799 sed

268 1821 440 1894 languidius
458 1826 488 1879 et
513 1821 542 1878 in
564 1820 664 1893 ipsam
685 1822 751 1879 eius
776 1822 941 1895 dirigentes
962 1837 1085 1880 manum
1109 1822 1240 1881 remisse

269 1920 474 1964 occurremus.
509 1904 593 1961 Idem
608 1904 780 1963 laciendum
796 1913 843 1964 est
853 1905 882 1962 in
896 1905 1068 1964 beneficiis=
1086 1905 1240 1979 quosdam

268 1988 435 2047 doceamus
452 1994 481 2047 et
495 1988 569 2046 satis
587 1985 771 2058 iudicemuS,
796 1988 821 2046 si
837 1995 1000 2060 conantur,
1019 1989 1046 2047 si
1060 1988 1188 2061 audent,
1212 1988 1240 2048 si

236 2081 251 2132 5
267 2072 381 2131 volunt.
409 2071 550 2130 Facimus
566 2076 664 2129 autem
682 2072 860 2151 plerumque
877 2072 1013 2144 ingratos
1029 2078 1059 2130 ct
1072 2077 1107 2131 ut
1120 2073 1181 2131 sint
1196 2074 1210 2131 i
1227 2104 1239 2115 ·

266 2170 388 2226 nomm,
404 2160 559 2229 tamquam
574 2155 615 2213 ita
631 2154 751 2213 demum
767 2169 877 2226 magna
891 2154 951 2213 sint
965 2153 1113 2222 beneficia
1123 2163 1239 2229 nostra,

267 2239 294 2296 si
318 2238 417 2311 gratia
437 2238 496 2296 illis
521 2235 627 2295 reterri
648 2253 709 2295 non
732 2238 843 2311 potuit:
864 2245 897 2296 ut
920 2237 1060 2311 malignis
1083 2238 1239 2299 lusoribus

267 2320 459 2395 propositum
475 2326 521 2378 est
536 2321 729 2380 conlusorem
742 2321 917 2394 traducere,
942 2336 1010 2379 curn
1029 2321 1140 2379 damno
1158 2321 1239 2381 scili-

268 2410 315 2461 cet
336 2404 436 2475 ipsius
457 2403 559 2472 lusuS,
584 2404 634 2476 qui
655 2420 714 2462 non
737 2412 852 2479 potest,
876 2402 935 2463 nisi
957 2403 1161 2474 consentitur,
1184 2421 1241 2464 ex-

238 2486 359 2545 titendi.
392 2486 476 2544 Multi
492 2491 562 2543 sunt
576 2491 636 2544 tam
651 2495 765 2560 pravae
779 2493 919 2556 naturae,
944 2495 975 2546 ut
989 2487 1093 2546 malint
1107 2488 1239 2561 perdere

269 2584 347 2643 quae
363 2570 591 2643 praestiterunt,
608 2586 699 2643 quam
713 2570 810 2628 videri
822 2571 995 2643 recepisse,
1013 2570 1180 2643 superbi-et
1193 2570 1237 2630 in-

267 2659 439 2727 putatores:
462 2660 575 2728 quanto
591 2654 698 2713 melius
714 2661 890 2729 quantoque
911 2653 1071 2713 humanius
1089 2654 1120 2711 id
1135 2669 1237 2728 agere,

265 2746 300 2797 ut
314 2738 372 2795 illis
388 2752 513 2812 quoque
529 2744 631 2810 partes
647 2754 722 2797 suae
739 2743 892 2809 constent,
914 2743 943 2795 et
958 2738 1076 2809 lavere,
1092 2743 1125 2796 ut
1141 2738 1239 2811 gratia

267 2820 325 2877 sibi
345 2820 451 2878 reterri
474 2820 586 2893 possit,
613 2819 744 2893 benigne
771 2820 873 2880 omnia
897 2818 1102 2893 interpretari,
1123 2820 1237 2893 gratias
1260 2860 1263 2866 -

267 2908 405 2974 agentem
427 2918 488 2961 non
509 2902 595 2961 aliter
616 2919 707 2975 quam
728 2902 756 2961 si
771 2904 882 2961 reserat
897 2904 1017 2976 addire,
1038 2903 1186 2977 praebere
1202 2919 1238 2962 sc

268 2984 386 3042 lacilem
409 2984 542 3058 adhoc,
565 2992 702 3059 utquam
724 2984 884 3059 obligavit,
906 2988 994 3046 etiam
1009 2986 1129 3045 exsolvi
1145 2988 1238 3046 velit?

235 3074 250 3128 7
266 3068 345 3126 Male
360 3069 464 3127 audire
481 3070 559 3128 solet
574 3070 742 3139 fenerator,
766 3068 793 3127 si
809 3070 919 3128 acerbe
934 3071 1041 3144 exigit,
1068 3084 1183 3142 aeque,
1210 3068 1237 3128 si

235 3221 239 3230 ¹
266 3152 296 3210 ln
311 3151 486 3226 recipiendo
503 3152 606 3211 tardus
628 3168 664 3211 ac
685 3152 818 3211 dilficilis
840 3169 941 3212 moras
965 3151 1097 3227 quaerit:
1120 3152 1237 3212 benefi-

267 3235 346 3295 cium
361 3243 421 3295 tarn
437 3236 644 3308 recipiendum
667 3242 715 3294 est
730 3252 820 3309 quam
842 3253 903 3295 non
922 3236 1114 3309 exigendum.
1152 3234 1237 3308 Opti·

265 3335 332 3377 mus
349 3319 413 3390 ille,
438 3319 489 3393 qrui
505 3319 588 3379 dedit
601 3320 703 3392 lacilc,
725 3335 891 3393 numquam
905 3318 1022 3393 exegit,
1043 3318 1131 3377 reddi
1152 3316 1237 3391 gavi·

266 3419 319 3461 sus
336 3409 392 3474 est,
407 3401 488 3461 bona
502 3402 563 3463 fide
575 3402 649 3476 qaid
661 3403 865 3477 praestitisset
877 3403 1004 3477 oblitus,
1022 3402 1072 3476 qui
1085 3400 1236 3476 accipien-

263 3486 303 3543 tis
318 3486 419 3544 animo
435 3484 560 3556 recepit.

237 3576 249 3627 t
327 3568 433 3626 xvssl.
458 3567 585 3640 Quidam
607 3585 668 3628 non
688 3576 804 3628 tantum
818 3565 898 3627 'dant
916 3569 1066 3627 beneficia
1093 3567 1236 3641 superbe,

266 3650 322 3710 sed
343 3650 433 3710 etiam
452 3651 618 3727 accipiunt,
641 3653 724 3727 quod
745 3668 807 3712 non
830 3660 877 3712 εει
891 3652 1155 3714 committendum
1177 3650 1235 3712 iarn
