2942 4384
373 494 513 553 norun.
530 491 691 566 onnusr.
714 493 786 551 mu.
802 493 866 552 vu.
890 500 1021 554 11-13.
1126 491 1187 554 305

217 596 309 723 „hrum
322 649 474 705 conventu
485 643 690 717 gignerentur.
711 642 779 700 ittae
791 639 870 699 enirn
884 641 935 699 diu
949 641 1114 701 cohaerere
1126 660 1188 704 non

236 735 346 790 essunt
367 734 397 786 et
418 741 548 785 necesse
570 732 617 784 est
637 725 703 783 ilias
720 725 770 783 tex
786 725 947 783 celeritatis
963 740 1038 784 suae
1054 734 1186 799 separet.

217 730 374 881 tracterea
395 809 454 869 ista
475 809 564 868 nobis
584 807 683 866 vicina
697 808 852 867 videntur:
875 816 1008 866 ceterum
1023 808 1215 868 intervallis5

218 886 388 985 mgentibus
409 892 568 950 dissident.
601 891 756 964 quomodo
780 906 852 964 ergo
875 897 976 972 potest
991 893 1084 950 altera
1101 893 1189 951 stella

217 990 312 1052 nsque
335 977 374 1035 ad
395 977 517 1035 alteram
539 974 638 1048 ignem
662 975 794 1044 mittere,
824 974 916 1033 itaut
937 983 1066 1048 utraque
1088 975 1189 1035 iuncta

217 1054 362 1133 rideatur,
384 1074 452 1117 cum
468 1059 528 1116 sint
542 1057 655 1130 ingenti
670 1057 795 1130 regione
807 1057 970 1117 diductae?
996 1057 1186 1132 „Stellarum
1199 1066 1216 1119 6

217 1140 325 1217 inquit,
344 1143 470 1200 duarum
486 1142 585 1199 iumen
601 1141 746 1198 miscetur
757 1146 787 1198 et
799 1141 924 1213 praebet
934 1141 1025 1200 unius
1037 1143 1187 1215 speciem:

217 1241 325 1299 nempe
345 1223 405 1296 sic,
430 1223 686 1298 quemadmodum
705 1222 875 1282 rubicunda
891 1223 925 1282 fit
941 1223 1037 1283 nubes
1054 1225 1128 1284 sotis
1144 1226 1188 1283 in-

217 1324 318 1379 cursu,
335 1308 591 1380 quemadmodum
603 1306 778 1378 vespertina
790 1313 841 1364 aut
852 1306 996 1365 matutina
1008 1305 1188 1380 flavescunt,

217 1391 474 1466 quemadmodum
495 1404 599 1461 arom,
624 1390 734 1447 alterne
750 1391 796 1447 sol
815 1389 952 1448 visitur.“
987 1389 1071 1449 Haec
1086 1390 1216 1452 omniat

217 1476 345 1548 primum
361 1489 471 1546 magna
486 1473 515 1531 vi
530 1473 716 1531 efficiuntur:
737 1474 784 1531 soi
799 1471 878 1530 enim
894 1479 954 1545 est,
980 1473 1031 1546 qui
1046 1472 1104 1531 ista
1120 1490 1188 1534 suc·
1264 1531 1268 1542 ,

217 1559 327 1616 cendit.
357 1558 511 1618 stellarum
531 1572 591 1615 non
614 1562 661 1615 est
682 1555 789 1614 eadem
805 1554 947 1628 potentia.
984 1554 1102 1615 Deinde
1116 1558 1190 1616 nihil

217 1639 323 1700 borum
344 1640 402 1698 nisi
423 1641 501 1698 inira
520 1641 623 1698 tunam
637 1640 667 1697 in
684 1645 829 1697 terrarum
844 1639 953 1698 vicinia
967 1641 1117 1699 nascitur:
1139 1659 1188 1700 su·

218 1724 338 1797 periora
354 1739 430 1796 pura
445 1731 474 1782 ει
488 1723 608 1784 sincera
623 1728 693 1781 sunt
710 1729 740 1780 et
751 1723 862 1782 coloris
875 1723 922 1782 sui
935 1738 1067 1797 semper.
1100 1726 1217 1785 Prae-8

219 1815 300 1866 terea
322 1806 349 1864 si
371 1807 444 1879 quid
471 1808 529 1865 tate
551 1805 717 1877 accideret,
746 1822 806 1865 non
834 1805 960 1864 haberet
980 1823 1110 1881 moram,
1133 1809 1189 1867 sed

222 1889 461 1962 exstingueretur
476 1889 552 1960 cite,
576 1889 656 1947 sicut
670 1903 817 1962 coronae,
842 1904 922 1962 quae
937 1891 1034 1948 solem
1048 1891 1190 1950 lunamve

221 1973 355 2046 cingunt,
378 1973 455 2030 intra
465 1971 678 2031 brevissimum
694 1970 824 2044 spatium
836 1973 1025 2032 exolescunt.
1049 1988 1086 2031 ne
1098 1990 1189 2033 arcus

222 2058 339 2130 quidem
362 2056 414 2113 diu
435 2062 622 2129 perseverat.
669 2053 700 2113 Si
724 2055 795 2128 quid
822 2062 906 2114 esset
931 2056 990 2113 tale
1013 2056 1091 2114 inter
1112 2058 1189 2116 duas
1254 2121 1259 2131 ,

222 2141 336 2209 stetim,
361 2156 422 2212 quo
443 2139 576 2197 medium
594 2138 724 2212 spatium
741 2139 992 2211 contunderetur,
1015 2154 1114 2212 aeque
1131 2142 1189 2200 cito

222 2223 415 2283 dilaberetur:
438 2223 542 2296 utiquc
557 2239 617 2282 non
634 2223 791 2281 intantum
804 2229 953 2295 maneret,
971 2230 1114 2295 quantum
1127 2240 1188 2284 nto-

220 2306 277 2364 rori
299 2313 435 2364 cometae
456 2307 564 2365 solent.
604 2303 705 2365 Steiiis
726 2305 803 2363 intra
819 2305 995 2379 signiferum
1010 2321 1119 2366 cursus
1134 2317 1189 2380 est,

221 2387 296 2448 hunc
313 2396 453 2463 premunt
467 2404 591 2465 gyrum:
616 2397 646 2447 at
660 2396 796 2448 cometae
808 2390 922 2463 ubique
934 2397 1104 2449 cernuntur.
1128 2408 1190 2450 non

221 2472 314 2546 magis
330 2480 443 2531 certum
459 2478 507 2530 est
527 2470 586 2530 illis
599 2478 734 2546 tempus,
758 2489 818 2545 quo
834 2473 1016 2546 adponerent,
1041 2491 1131 2546 quam
1147 2477 1190 2533 io-

221 2571 272 2615 cus
289 2557 382 2628 ullus,
403 2558 481 2615 ultra
497 2569 588 2629 quem
603 2572 663 2614 non
679 2561 800 2618 exeant.

279 2639 355 2696 Xlll.
383 2640 586 2697 Adversus
611 2638 704 2697 baec
725 2637 769 2697 ab
786 2637 1030 2698 Artemidoro
1052 2639 1218 2704 iliadir

221 2730 368 2782 cuntur:
392 2739 451 2780 non
465 2721 521 2780 bas
537 2729 650 2780 tantum
666 2723 770 2780 stelias
783 2721 919 2795 quinque
931 2720 1116 2795 discurrere,
1134 2723 1190 2782 sed

219 2805 273 2865 has
297 2809 379 2864 solas
400 2805 578 2864 observatas
599 2820 687 2864 esse:
717 2813 850 2864 ceterum
868 2805 1102 2865 innumerabiles
1119 2807 1191 2864 ierri

219 2906 272 2962 per
285 2891 433 2948 oecultum
447 2897 498 2947 aut
509 2895 634 2962 propter
644 2888 860 2948 obscuritatem
871 2889 991 2948 luminis
1004 2889 1091 2948 nobis
1105 2890 1190 2965 igno-

220 2982 262 3032 tas
279 2980 330 3030 aut
344 2980 469 3046 propter
485 2972 666 3031 circulorum
681 2973 864 3046 positionem
880 2973 983 3043 talem,
1007 2981 1039 3032 ut
1055 2981 1126 3033 tunc
1138 2975 1190 3032 de·

218 3072 312 3125 mum,
337 3056 462 3113 eumad
486 3061 621 3113 extrema
641 3071 747 3115 eorum
769 3072 896 3128 venere,
917 3056 1064 3115 visantur.
1095 3073 1189 3130 „ergo

218 3141 417 3197 intercurrunt
433 3139 583 3212 quaedam
599 3138 717 3208 stellae,
741 3146 773 3196 ut
787 3139 843 3208 ait,
866 3138 955 3197 nobis
971 3154 1084 3208 novae,
1110 3155 1190 3211 quae

217 3223 316 3281 lumen
333 3238 420 3281 suum
436 3221 644 3281 constantibus
659 3221 808 3277 misceant
820 3227 849 3277 et
860 3220 1005 3278 maiorem
1018 3236 1108 3295 quam
1120 3223 1189 3281 stet*

217 3305 252 3364 lis
274 3321 341 3364 mos
364 3312 411 3364 est
434 3305 588 3378 porrigant
608 3303 743 3376 ignem.‘⁶
780 3303 846 3362 Hoc
868 3317 906 3360 ex
927 3301 990 3376 bis,
1015 3318 1093 3377 quae
1108 3321 1218 3374 men-2

217 3389 294 3457 titur,
316 3387 503 3448 levissimum
525 3394 586 3446 est:
608 3392 672 3445 tota
692 3386 758 3445 eius
781 3387 930 3446 enarratio
947 3387 1050 3445 mundi
1065 3388 1188 3447 menda-

217 3473 294 3531 cium
316 3471 468 3545 inpudens
490 3478 545 3530 est.
579 3485 648 3528 nam
669 3469 696 3528 si
716 3469 759 3528 itti
780 3469 947 3542 credimus,
973 3485 1091 3529 summa
1112 3472 1189 3531 coeli

217 3552 271 3614 or'a
293 3553 481 3614 solidissima
501 3562 562 3625 εει,
586 3554 615 3611 in
636 3552 760 3613 modum
782 3554 850 3613 tecti
871 3554 979 3612 durata
994 3560 1024 3611 et
1039 3553 1088 3612 alti
1107 3569 1188 3613 cras-

217 3640 306 3712 sique
322 3639 477 3711 corporis,
500 3639 583 3710 quod
599 3637 689 3696 atomi
705 3636 843 3710 congesti
860 3636 1093 3710 coacervatique
1110 3638 1188 3697 iece—

217 3728 293 3782 runt.
329 3722 405 3780 Huic
427 3721 567 3794 proxima
587 3721 768 3796 superficies
787 3719 876 3796 ignea
892 3727 951 3795 est,
975 3721 1016 3779 ita
1032 3728 1218 3797 conpoctas

257 3825 359 3863 sennen
373 3825 442 3862 nnn.
458 3809 490 3862 Π.
991 3811 1031 3867 ‘m
