2942 4384
330 456 393 546 cic
618 456 650 515 L.
668 457 815 516 ,dunum
836 457 1010 518 SEchnE

330 616 380 673 ctu
393 607 596 682 introspicere
611 614 641 666 et
654 608 683 666 in
703 609 829 667 deorum
845 615 964 668 secreta
982 608 1182 668 descendere.
1213 611 1301 685 pluri-

327 708 409 751 mum
430 692 468 749 ad
491 692 705 750 inveniendum
722 693 861 763 contulit,
885 690 937 764 qui
952 691 1088 764 speravit
1103 709 1201 766 posse
1215 710 1306 768 repe-A

297 771 315 840 '3
328 776 389 834 riri.
412 790 480 832 cum
496 776 693 834 excusatione
707 773 811 848 itaque
826 782 945 833 veteres
958 775 1101 833 audiendi
1114 783 1194 835 sunt.
1217 777 1303 835 Nulla

327 874 379 918 res
401 864 691 930 consummataest,
713 858 785 915 dum
806 857 918 931 incipit.
941 873 997 916 nec
1019 858 1049 915 in
1067 858 1126 916 hac
1140 867 1256 918 tantum
1271 875 1301 917 re

329 941 462 1000 omnium
478 942 607 998 maximo
622 948 712 1014 atque
729 940 965 1013 involutissima,
981 939 1012 998 in
1030 956 1107 1014 qua,
1128 942 1218 999 etiam
1234 957 1301 1001 cum

285 1075 290 1082 .
328 1024 452 1083 intuitum
467 1024 524 1080 acti
537 1024 606 1096 erit,
624 1024 721 1084 omnis
737 1032 836 1082 tamen
847 1031 946 1095 aetas,
965 1023 1048 1096 quod
1060 1032 1144 1096 agat,
1159 1025 1300 1097 inveniet,

331 1106 430 1167 sedin
447 1104 528 1164 omni
543 1106 601 1184 atio
619 1107 739 1179 negotio
756 1109 846 1180 longe
860 1122 878 1164 a
892 1107 1028 1179 perfecto
1043 1107 1128 1165 fuere
1142 1106 1300 1181 principia.

299 1196 313 1247 l
392 1190 444 1247 Vl.
467 1188 506 1246 In
524 1205 626 1263 aqua
650 1190 864 1249 dictumest
884 1204 1040 1248 causam
1062 1205 1151 1248 csse
1173 1206 1242 1249 nec
1258 1190 1299 1248 ab

329 1288 406 1331 uno
430 1286 498 1330 nec
519 1288 595 1330 uno
617 1274 741 1332 modo.
769 1272 1113 1332 ThatesMitesius
1134 1280 1229 1332 totam
1245 1279 1298 1331 ter·

329 1371 393 1413 ram
409 1355 546 1415 subiecto
563 1355 677 1414 iudicat
689 1356 816 1414 humore
832 1353 946 1429 portari
961 1362 991 1413 et
1004 1355 1123 1428 innare,
1147 1356 1214 1415 sive
1229 1355 1301 1415 ittud

330 1454 479 1497 occanum
501 1453 609 1512 cocao,
632 1438 697 1497 sive
714 1455 855 1513 magnum
876 1453 974 1510 mare,
997 1439 1064 1496 sive
1077 1438 1202 1497 atterius
1217 1446 1300 1497 natu-

329 1537 383 1580 rae
410 1522 577 1594 simplicem
602 1522 702 1580 adhuc
731 1537 842 1595 nqtiam
870 1528 899 1579 et
927 1520 1081 1580 humidum
1110 1523 1299 1581 elementum.

330 1604 434 1677 „Hac,
452 1603 562 1678 inquit,
578 1605 660 1662 unda
676 1599 841 1663 sustinetur
855 1602 938 1663 orbis
956 1605 1036 1663 vetut
1050 1604 1175 1676 aliquod
1186 1604 1301 1678 grande

299 1702 316 1753 E
331 1687 481 1759 navigium
494 1696 523 1746 et
534 1702 626 1759 grave
637 1686 684 1744 his
697 1687 799 1760 aquis,
820 1702 898 1761 quas
911 1688 1047 1760 premit.“
1070 1686 1299 1760 Supervacuum

331 1776 379 1828 cst
393 1770 522 1828 reddere
538 1784 663 1838 causas
686 1779 811 1843 propter
826 1787 903 1844 quius
918 1770 1070 1828 existimat
1088 1770 1301 1843 gravissimam

332 1860 448 1925 partem
463 1851 567 1911 mundi
583 1868 643 1912 non
660 1869 756 1925 posse
772 1852 880 1927 spiritu
895 1861 953 1911 tam
975 1854 1058 1911 tenui
1074 1852 1238 1927 fugacique
1251 1869 1300 1926 ge·

331 1935 414 1993 stari.
445 1951 505 1995 non
523 1936 601 1994 enim
615 1952 697 1994 nunc
712 1937 751 1994 de
766 1937 825 1995 situ
840 1943 1000 2008 terrarum,
1017 1936 1073 1995 sed
1090 1935 1128 1994 de
1144 1944 1230 1995 motu
1241 1936 1301 2008 agi-

331 2027 391 2078 tur:
413 2018 485 2078 illud
514 2020 680 2092 argumenti
708 2019 776 2077 ioco
804 2018 905 2093 ponit,
930 2035 1028 2093 aquas
1050 2034 1121 2077 csse
1142 2019 1170 2076 in
1198 2034 1301 2090 causa,

332 2101 444 2177 quibus
468 2100 518 2159 hic
543 2103 626 2161 orbis
652 2102 791 2175 agitetur,
818 2103 901 2175 quod
927 2103 956 2160 in
981 2102 1061 2161 omni
1084 2101 1201 2159 maiore
1221 2109 1303 2161 motu

332 2191 493 2259 erumpunt
513 2183 586 2244 novi
606 2186 721 2257 fontes,
744 2187 822 2245 sicut
843 2186 872 2243 in
895 2185 1022 2258 navigiis
1045 2201 1168 2258 quoque
1190 2184 1302 2255 evenit,

331 2274 364 2328 ut
382 2269 407 2326 si
423 2268 563 2326 inclinata
578 2275 690 2328 suntet
705 2270 843 2327 abierunt
857 2268 885 2326 in
901 2269 994 2339 tatus,
1016 2283 1126 2341 aquam
1147 2267 1301 2327 sorbeant

332 2365 411 2424 quae
427 2351 456 2409 in
473 2349 582 2409 omni*
598 2366 723 2410 onerum
744 2367 865 2423 eorum,
886 2366 964 2426 quae
985 2351 1080 2422 vehit,
1103 2348 1131 2409 si
1151 2351 1301 2411 inmodice

331 2433 481 2506 depressa
492 2440 576 2504 sunt,
590 2441 641 2493 aut
652 2435 879 2508 superfunditur
890 2440 941 2493 aut
953 2443 1034 2494 certe
1048 2434 1155 2493 dextra
1166 2434 1301 2493 sinistra·

299 2530 392 2590 nque
414 2517 506 2576 solito
527 2518 623 2591 magis
645 2518 751 2591 surgit.
788 2519 874 2576 Hanc
897 2517 1071 2591 opinionem
1096 2532 1168 2575 essc
1196 2518 1300 2575 salsam

331 2617 391 2659 nou
408 2607 456 2659 est
470 2600 523 2659 diu
537 2600 753 2675 colligendum:
776 2602 886 2659 namsi
903 2609 983 2659 terra
996 2616 1076 2674 aqua
1092 2601 1301 2669 sustineretur,

332 2689 382 2756 [et
402 2698 438 2741 ca
459 2684 889 2757 aliquandwconcuteretur,]
913 2700 1035 2758 semper
1057 2690 1233 2744 moveretur
1247 2696 1300 2741 nec

332 2765 438 2839 agitari
454 2767 534 2825 illam
551 2767 744 2841 miraremur,
761 2768 817 2827 sed
834 2782 965 2825 manere.
987 2766 1098 2826 deinde
1112 2774 1176 2825 tota
1191 2782 1300 2827 concu-

331 2856 460 2922 teretur,
483 2866 543 2908 non
566 2867 605 2909 ex
620 2858 714 2925 parte.
748 2866 913 2924 numquam
925 2851 1003 2909 enim
1018 2849 1106 2908 navis
1122 2849 1248 2909 dimidia
1262 2850 1300 2907 ia-

332 2938 444 2989 ctatur:
478 2948 558 2991 nunc
583 2949 656 2991 vero
677 2941 825 2993 terrarum
846 2949 906 2993 non
930 2934 1155 3003 universarum,
1183 2932 1241 2991 sed
1264 2945 1301 2990 cx

332 3021 418 3087 parte
433 3020 533 3074 motus
549 3022 605 3074 est.
628 3016 787 3089 Quomodo
804 3034 876 3091 ergo
890 3017 955 3075 fieri
972 3023 1090 3090 potest,
1109 3022 1142 3073 ut
1159 3015 1243 3089 quod
1258 3022 1299 3073 to·

332 3104 394 3156 tum
418 3097 553 3170 vehitur,
579 3105 673 3159 totum
700 3116 761 3159 non
786 3102 927 3174 agitetur,
954 3102 981 3158 si
1005 3114 1058 3171 eo,
1085 3114 1146 3173 quo
1173 3098 1300 3165 vehitur,

299 3181 473 3254 rogitatum
499 3188 568 3242 est?
601 3185 668 3255 „nt
693 3199 788 3257 quare
808 3199 906 3257 aquae
932 3185 1142 3256 erumpuntt“
1172 3180 1302 3239 Primum

332 3264 463 3324 omnium
486 3281 581 3340 saepe
600 3269 720 3327 tremuit
740 3275 820 3326 terra
835 3275 862 3327 et
879 3265 951 3325 nihil
967 3264 1103 3326 humoris
1117 3265 1190 3323 novi
1205 3263 1301 3323 fluxit.

331 3348 443 3407 deinde
466 3347 492 3408 si
515 3364 552 3407 ex
576 3348 632 3408 hac
655 3367 749 3409 causa
769 3351 852 3409 unda
875 3356 1100 3424 prorumperet,
1126 3346 1302 3442 alateribns

331 3439 430 3490 torrae
451 3430 757 3507 circumfunderetur,
780 3434 859 3504 sicut
879 3434 907 3491 in
923 3432 1099 3492 fluminibus
1116 3446 1153 3491 ac
1168 3432 1244 3489 mari
1263 3446 1301 3489 vt-

332 3515 439 3574 demus
456 3513 606 3589 incidere,
627 3524 660 3576 ut
674 3516 891 3576 incrementum
905 3533 1071 3591 aquarum,
1093 3515 1237 3590 quotiens
1253 3529 1302 3573 na·

333 3595 412 3670 rigia
424 3597 583 3673 desidunt,
599 3600 628 3657 in
640 3599 784 3660 lateribus
796 3599 926 3659 maxime
938 3601 1094 3675 adpareat.
1115 3598 1154 3656 ad
1171 3598 1302 3657 ultimum

333 3695 393 3738 non
409 3689 468 3740 tam
484 3683 595 3757 exigua
610 3683 711 3759 tieret,
728 3700 820 3759 quam
836 3691 867 3745 tu
881 3683 979 3760 dicis,
1000 3682 1118 3759 eruptio
1134 3696 1239 3757 neque
1255 3694 1302 3739 ve
