2942 4384
367 469 684 544 nuruuounesr.
705 470 841 529 mavi.
865 478 994 533 14—16.
1104 469 1168 533 aea

195 624 318 698 dirupta
342 628 514 697 patuerunt.
554 620 611 678 Per
635 619 710 678 haee
734 620 892 678 intervalia
918 620 1007 679 intrat
1033 621 1166 696 spiritus,

197 723 290 781 quem
312 707 338 764 si
359 705 481 763 inclusit
500 720 582 760 mare
604 703 742 761 etaltius
765 703 866 775 adegit
885 719 941 761 nec
959 702 1069 762 fluctus
1084 712 1165 763 retro

196 790 281 849 abire
301 788 450 862 permisit,
475 795 544 846 tunc
565 787 614 843 ille
628 787 711 844 exitu
727 785 814 844 simui
830 786 989 859 redituque
1004 787 1166 860 praecluso

197 872 349 931 volutatur
369 879 412 943 et,
441 870 512 944 quia
530 869 559 926 in
579 870 694 927 rectum
715 885 774 927 non
797 875 898 942 potest
917 870 1054 941 tendere,
1083 870 1166 943 quod

195 954 238 1013 itii
253 955 388 1012 naturaie
403 960 463 1024 est,
485 953 515 1010 in
531 952 659 1010 sublime
674 967 709 1011 se
723 952 850 1010 intendit
861 960 891 1011 et
905 960 1016 1011 terram
1027 967 1165 1026 premen-

195 1045 257 1096 tem
271 1036 450 1095 diverberat.

259 1118 338 1178 XVI.
360 1116 889 1188 Etiamnunedicendumest,
906 1116 1006 1191 quod
1023 1116 1193 1190 piaris-1

196 1215 270 1275 que
292 1199 516 1260 auctoribus
538 1201 666 1274 placet
685 1199 886 1273 etinquod
910 1200 1167 1259 sortasseiiet

195 1283 409 1343 discessio.
445 1284 510 1342 Non
534 1297 605 1341 esse
630 1289 739 1340 terram
765 1280 831 1339 sine
856 1280 963 1354 spiritu
984 1283 1082 1356 palam
1104 1288 1165 1341 est:

184 1382 260 1425 uon
282 1373 393 1425 tantum
415 1366 465 1424 ilio
486 1366 569 1436 dieo,
598 1381 658 1437 quo
681 1378 715 1421 se
735 1370 817 1422 tenet
833 1379 868 1421 ac
882 1370 985 1437 partes
1000 1363 1047 1422 sui
1063 1362 1165 1436 iungit,

197 1447 250 1523 qui
266 1450 344 1507 inest
355 1448 441 1507 etiam
455 1448 539 1506 saxis
552 1448 740 1519 mortuisque
751 1446 946 1520 corporibus,
965 1447 1019 1504 sed
1032 1446 1082 1503 iiio
1095 1446 1164 1504 dieo

197 1531 280 1591 vitali
295 1538 323 1589 et
338 1537 444 1603 vegeto
461 1536 491 1588 et
507 1531 604 1588 alente
620 1530 729 1589 omnia.
758 1528 839 1588 hunc
854 1529 911 1587 nisi
926 1528 1065 1600 haberet,
1089 1545 1164 1602 quo-

194 1614 289 1673 modo
304 1619 347 1673 tot
361 1611 493 1672 arbustis
509 1613 645 1688 spiritum
663 1611 834 1671 infunderet
847 1626 907 1669 non
924 1612 1045 1669 aliunde
1062 1614 1165 1670 riven—

194 1696 292 1769 tibus,
315 1703 345 1755 et
364 1702 408 1755 tot
422 1697 517 1755 satist
544 1695 799 1769 quemadmodum
817 1702 876 1752 tam
892 1695 1031 1753 diversas
1045 1696 1165 1754 radices

195 1779 283 1838 aiiter
296 1784 386 1853 atque
403 1780 488 1854 aliter
503 1780 533 1836 in
549 1794 583 1836 se
598 1793 714 1836 mersas
730 1778 860 1849 foveret,
884 1778 1032 1850 quasdam
1048 1794 1166 1835 summa

193 1867 336 1935 receptas
360 1870 459 1933 parte,
484 1861 631 1935 quasdam
650 1860 739 1936 attius
754 1868 880 1931 tractas,
901 1861 958 1918 uisi
972 1860 1096 1919 muitum
1113 1860 1164 1917 ha-

193 1944 280 2003 beret
303 1943 420 2001 animae
443 1950 501 2002 tam
522 1943 628 2014 muita,
651 1951 709 2002 tam
727 1942 808 2000 varia
823 1943 995 2015 generantis
1011 1951 1038 2001 et
1054 1942 1164 2001 haustu

195 2034 290 2098 atque
311 2024 452 2084 alimento
467 2024 515 2084 sui
530 2026 709 2084 educantis?
744 2024 876 2083 Levibus
892 2024 991 2083 adime
1006 2032 1194 2098 argument

193 2109 233 2166 tis
250 2124 318 2181 ago.
353 2106 459 2167 Totum
474 2110 533 2167 hoc
549 2109 681 2177 coelum,
703 2108 786 2181 quod
803 2108 910 2180 igneus
927 2107 1038 2179 aether,
1060 2107 1164 2165 mundi

195 2206 314 2250 summa
330 2206 415 2263 pars,
437 2190 562 2264 claudit,
581 2205 687 2250 omnes
698 2189 757 2247 hae
769 2190 890 2261 stellae,
906 2205 1034 2261 quarum
1046 2188 1164 2247 definiri

194 2268 257 2330 uon
281 2280 381 2345 potest
398 2289 555 2344 numeruS‚
579 2271 676 2333 omnis
691 2271 740 2330 hic
756 2273 931 2331 coelestium
947 2278 1052 2332 coetus
1068 2277 1111 2344 et,
1130 2278 1165 2330 ut

194 2356 255 2413 alia
269 2362 471 2429 praeteream,
493 2356 541 2413 hic
557 2363 615 2414 tam
629 2371 726 2429 prope
736 2370 756 2412 a
766 2354 854 2414 nobis
866 2370 960 2428 agens
974 2355 1164 2426 cursum-soi,

196 2438 278 2496 omui
299 2445 444 2497 terrarum
465 2439 577 2498 aurbitu
599 2454 659 2497 non
680 2438 774 2496 semel
794 2437 898 2508 maior,
928 2438 1099 2497 alimentum
1125 2452 1165 2495 ex

195 2528 277 2579 terra
297 2520 417 2579 trahunt
438 2528 467 2579 et
488 2521 564 2579 inter
584 2537 618 2579 se
642 2520 808 2593 partiuntur
827 2534 883 2577 nec
898 2520 959 2577 ulio
976 2520 1034 2579 aiio
1050 2519 1166 2579 scilicet

195 2618 287 2674 quam
309 2602 401 2661 halitu
420 2610 566 2662 terrarum
587 2603 783 2661 sustinentur.
814 2601 873 2659 hoc
897 2601 955 2659 iliis
981 2602 1163 2672 alimentum,

193 2684 245 2741 hic
261 2692 366 2758 pastus
382 2692 438 2744 est.
472 2686 538 2744 Non
555 2692 661 2759 posset
675 2692 774 2743 autem
789 2692 848 2743 tam
863 2685 955 2742 muita
971 2690 1115 2756 tantoque
1130 2687 1193 2741 sed

193 2766 265 2841 ipsa
284 2768 399 2826 maiora
420 2768 547 2839 nutrire,
570 2768 628 2826 nisi
649 2767 738 2841 piena
753 2773 835 2847 esset
850 2767 981 2836 animae,
1006 2783 1095 2839 quam
1112 2781 1165 2839 per

193 2850 276 2909 diem
291 2865 327 2908 ac
342 2858 460 2911 noctem
472 2851 510 2909 ab
522 2851 661 2909 omnibus
676 2849 810 2923 partibus
823 2850 870 2907 sui
882 2850 987 2908 fundit.
1008 2849 1073 2907 sieri
1085 2848 1165 2906 enirn
1208 2913 1211 2920 ¹

194 2947 256 2990 non
280 2940 395 3005 potest,
416 2941 529 2993 utnon
549 2935 672 2993 muitum
693 2932 720 2990 ei
742 2932 888 3005 supersit,
914 2948 953 2991 ex
969 2948 1030 3005 qua
1050 2938 1164 2991 tantum

195 3015 306 3089 petitur
326 3031 362 3074 ac
382 3017 523 3075 sumitur:
552 3025 582 3075 et
603 3017 642 3074 ad
665 3023 784 3089 tempus
801 3015 937 3089 quidem,
962 3015 1044 3089 quod
1065 3020 1164 3084 exeat,

194 3098 339 3157 nascitur.
365 3114 423 3157 nec
442 3100 520 3157 enim
542 3105 625 3158 esset
644 3098 787 3171 perennis
802 3098 843 3155 iiii
859 3099 947 3171 copia
962 3096 1119 3156 suffecturi
1135 3096 1163 3153 in

194 3187 240 3240 tot
259 3181 404 3241 coelestia
424 3182 563 3255 spiritus,
586 3181 643 3239 nisi
664 3180 793 3237 invicem
807 3179 866 3237 ista
881 3184 1074 3236 excurrerent
1089 3184 1118 3235 et
1134 3178 1164 3234 in

193 3262 279 3320 aiiud
293 3264 352 3322 aiia
366 3266 564 3325 solverentur.
591 3264 647 3322 sed
663 3268 763 3319 tamen
778 3275 907 3319 necesse
922 3267 969 3318 est
982 3259 1115 3318 abundet
1129 3274 1165 3317 ac

196 3346 289 3418 piena
311 3347 349 3406 sit
370 3355 457 3406 etex
479 3348 601 3415 condito
623 3346 765 3419 proterat.
799 3344 866 3401 Non
882 3348 930 3401 est
944 3357 1016 3415 ergo
1033 3342 1195 3412 dubium,4

196 3428 270 3501 quin
285 3430 409 3488 muttum
426 3430 550 3503 spiritus
565 3428 731 3487 intertateat
746 3433 776 3485 et
790 3441 882 3485 caeca
895 3425 951 3485 sub
970 3434 1049 3484 terra
1066 3426 1166 3497 spatia

195 3524 249 3570 aer
270 3512 349 3571 latus
371 3512 513 3572 obtineat.
552 3511 640 3585 Quod
660 3511 686 3568 si
707 3524 810 3568 verum
832 3517 891 3581 est,
918 3522 1047 3567 neeesse
1067 3500 1114 3565 e'st
1134 3507 1165 3565 id

196 3607 294 3667 saepe
308 3603 474 3666 moveatur,
499 3595 581 3669 quod
597 3611 631 3653 re
647 3592 845 3652 mobilissima
860 3592 981 3666 pienum
995 3597 1051 3648 est.
1080 3605 1165 3648 num-

197 3675 272 3751 quid
297 3677 375 3737 enim
398 3678 522 3738 dubium
544 3693 614 3737 esse
635 3677 777 3752 cuiquam
798 3682 914 3752 potest,
944 3672 1015 3750 quin
1037 3672 1110 3732 nihil
1128 3672 1167 3733 sit
