2942 4384
266 437 330 498 180
545 435 581 495 L.
601 436 750 494 fflAEI
769 436 952 500 smcaa

263 602 318 645 ore
335 602 392 645 suo
404 583 619 642 lancinandnm
635 583 747 643 dixerit
764 586 948 660 feceritque,
966 602 1039 647 cum
1057 589 1104 649 illi
1121 596 1247 667 specula

263 670 302 727 ab
324 668 408 728 omni
421 678 506 741 parte
522 675 766 741 opponerentur,
787 677 820 725 ut
836 671 904 742 ipse
917 668 1109 743 flagitiorum
1121 691 1247 737 snorum

264 760 418 825 spect-rtur
449 759 533 807 esset
560 758 591 807 et
622 766 701 821 qnae
725 760 847 809 secreta
872 769 998 826 quoqne
1023 758 1247 819 conscientiam

265 845 405 908 premunt
424 842 454 890 et
475 848 554 905 quae
574 833 649 907 {clii}
675 848 774 904 aeque
796 849 832 891 ac
851 836 911 893 sibi
926 838 1063 909 quisque
1079 840 1199 900 iecisse
1215 857 1247 901 se

231 936 251 985 4
265 925 363 989 negat
378 916 483 974 nonin
498 933 534 973 os
549 923 672 982 tanturn
687 916 744 972 sed
758 916 788 972 in
802 917 911 976 oculos
926 934 1003 977 snos
1018 920 1188 994 ingereret
1210 925 1248 985 At

265 1001 388 1057 hercule
409 1000 527 1056 scelera
541 1005 741 1069 conspectum
758 1000 807 1056 sui
820 999 1032 1059 reformidant.
1062 1004 1095 1061 in
1116 1007 1246 1079 perditis

266 1097 391 1155 quoque
405 1090 436 1138 et
449 1081 489 1137 ad
503 1096 592 1137 omne
606 1080 742 1137 dedecus
757 1084 909 1154 expositis
924 1084 1092 1145 tenerrima
1111 1098 1164 1149 est
1178 1106 1245 1149 ocu-

265 1166 364 1223 lorum
377 1163 580 1238 verecundia:
608 1164 658 1220 ille
676 1164 816 1237 [antem],
831 1166 920 1238 qnasi
935 1182 1045 1239 pamm
1060 1179 1151 1229 esset
1165 1173 1246 1231 inam

266 1248 328 1306 dila
348 1256 378 1307 et
397 1247 552 1318 incognita
571 1247 649 1319 pali,
668 1248 777 1304 oculos
797 1263 874 1307 snos
889 1249 993 1307 odilla
1007 1250 1246 1314 advocavitnec

266 1339 412 1404 quantum
436 1328 583 1402 peccabat
607 1329 711 1386 ridere
735 1338 913 1399 contentus,
939 1334 1071 1405 specula
1095 1337 1174 1407 sibi,
1196 1352 1247 1409 per

266 1429 345 1486 qnae
366 1412 481 1485 flagitia
500 1428 559 1470 sua
577 1410 727 1469 diuideret
748 1413 1007 1487 disponeretqne,
1032 1417 1246 1478 circumdedit

266 1505 297 1554 et
323 1497 479 1569 quianon
503 1503 565 1553 tam
588 1494 747 1566 diligenter
768 1496 877 1554 intueri
900 1505 1035 1569 poterat,
1061 1515 1134 1558 cum
1157 1508 1247 1575 caput

266 1586 413 1636 merserat
424 1577 660 1649 inguinibusque
670 1577 778 1635 alienis
790 1578 1073 1654 obbaeseratopus
1085 1582 1149 1641 sibi
1160 1600 1246 1643 suum

235 1674 253 1724 5
267 1677 323 1735 per
337 1658 484 1731 imagines
498 1658 656 1717 offerebat.
673 1658 838 1732 Spectabat
849 1663 929 1719 illam
941 1662 1099 1723 libidinem
1114 1668 1181 1726 oris
1192 1668 1246 1738 sul,

267 1744 427 1816 spectabat
440 1741 594 1799 admissos
608 1740 666 1797 sibi
685 1743 797 1814 pariter
811 1744 841 1801 in
857 1745 960 1803 omnia
974 1744 1070 1804 viros.
1095 1764 1246 1809 nonnum·

269 1842 360 1899 quam
380 1825 458 1884 inter
479 1840 594 1882 marem
614 1830 644 1881 et
665 1823 807 1883 leminam
828 1826 1011 1886 distributus
1031 1836 1062 1886 et
1086 1837 1154 1890 toto
1181 1848 1246 1891 cor·

268 1924 346 1983 pore
373 1907 536 1982 patientiae
554 1907 714 1980 expositus
737 1909 898 1979 spectabat
917 1910 1068 1969 nelandaz
1101 1915 1247 1987 quidnam

267 1993 360 2051 homo
386 1992 515 2065 inpurus
538 1990 676 2063 reliquit,
701 1989 786 2063 quod
805 1990 836 2049 in
860 1992 996 2051 tenebris
1017 1993 1156 2055 laceret?
1186 2014 1246 2057 non

269 2076 420 2151 pertimuit
432 2076 520 2145 diem,
532 2075 588 2132 sed
600 2073 687 2147 ipsos
698 2074 879 2133 concubitus
891 2082 1091 2149 portentosos
1105 2079 1166 2137 sibi
1180 2081 1246 2155 ipse

269 2160 419 2229 ostendit,
443 2159 502 2217 sibi
522 2158 590 2231 ipse
610 2156 800 2230 adprobaiit
828 2173 1006 2232 quemnam
1023 2162 1245 2238 putesinipso

237 2242 374 2304 bhabitu
391 2242 474 2315 pingi
492 2241 651 2299 voluisset
678 2239 733 2298 Est
753 2239 857 2314 aliqua
880 2241 970 2299 edam
991 2244 1163 2316 prostitutis
1183 2262 1245 2305 mo-

270 2325 370 2384 destia
380 2331 410 2382 et
420 2324 471 2381 illa
484 2338 616 2395 corpora
627 2320 749 2395 publico
760 2323 879 2383 obiecta
894 2323 1024 2384 ludibrio
1039 2328 1168 2400 aliquid,
1185 2345 1245 2401 quo

269 2408 377 2468 infelix
392 2405 535 2481 patientia
551 2408 658 2476 lateat,
679 2404 861 2466 obtendunt:
886 2407 966 2465 adeo
987 2407 1016 2465 in
1033 2410 1188 2481 quaedam
1201 2411 1245 2469 lu-

270 2506 368 2566 panar
388 2504 512 2564 quoque
533 2489 739 2547 verecundum
760 2497 821 2547 est:
853 2496 885 2547 at
904 2489 978 2549 illud
999 2500 1170 2551 monstrum
1193 2494 1245 2552 ob

271 2573 468 2635 scoenitatem
483 2588 569 2631 suam
584 2573 792 2648 spectaculum
813 2572 928 2631 iecerat
941 2580 972 2631 et
985 2588 1022 2631 ea
1035 2574 1095 2631 sibi
1110 2583 1244 2635 ostenta

238 2661 337 2729 that,
359 2659 470 2733 quibus
489 2656 717 2715 abscondendis
736 2654 819 2713 nulla
841 2656 916 2714 satis
930 2657 990 2714 alta
1003 2672 1066 2715 nox
1081 2666 1139 2717 est
1173 2658 1245 2729 „Si-

270 2743 347 2815 mul,
361 2742 473 2815 inquit,
487 2746 519 2798 et
531 2739 629 2798 virum
643 2747 674 2798 et
688 2738 829 2795 laminam
846 2738 958 2810 patior:
983 2738 1181 2801 nihilominus
1196 2741 1246 2800 illa

160 2815 167 2829 ’
271 2841 396 2899 quoqne
414 2839 608 2897 supervacua
623 2821 695 2879 mihi
709 2829 795 2895 parte
807 2821 938 2880 alicuius
955 2823 1168 2882 contumeliam
1184 2839 1245 2883 ma-

270 2910 312 2966 ria
325 2922 465 2966 exerceo.
493 2904 599 2963 Omnia
612 2903 748 2961 membra
762 2904 876 2975 stupris
891 2912 1041 2978 occupata
1056 2914 1143 2965 sunt:
1165 2904 1247 2966 oculi

270 3087 384 3147 resque
404 3071 478 3130 sint:
500 3070 589 3129 etiarn
607 3084 660 3141 ea,
681 3086 761 3143 quae
781 3077 983 3143 aconspectu
997 3072 1136 3144 corporis
1150 3072 1247 3132 nostri

273 3157 383 3232 positio
398 3153 564 3226 submovit,
579 3159 643 3211 arte
658 3153 803 3222 visantur,
818 3167 857 3210 ne
872 3153 942 3225 quis
956 3169 1006 3211 me
1019 3161 1103 3228 putet
1116 3154 1246 3227 nescire,

272 3324 397 3383 nisteria
410 3331 469 3381 tam
486 3322 617 3394 maligna
631 3319 730 3391 dedit,
746 3317 830 3392 quod
843 3319 972 3377 aliorum
985 3319 1158 3379 animalium
1174 3337 1246 3379 con·

273 3406 391 3468 cubitus
400 3406 509 3463 melius
521 3404 677 3463 iustruxit:
699 3400 860 3470 inveniam,
873 3402 1129 3475 quemadmodum
1140 3404 1247 3462 morbo

272 3506 342 3549 meo
363 3497 394 3548 et
407 3488 550 3562 inponam
565 3493 596 3546 et
609 3486 804 3545 satisfaciam.
827 3500 888 3556 quo
905 3485 1070 3559 nequitiam
1084 3500 1200 3557 meam,
1220 3486 1248 3545 si

273 3573 314 3631 ad
329 3579 453 3631 naturae
468 3570 589 3629 modum
607 3575 724 3642 pecco?
752 3569 783 3627 id
798 3582 895 3641 genus
910 3570 1104 3641 speculorum
1118 3570 1248 3628 circum·

273 3670 385 3730 ponam
403 3653 489 3726 mihi,
506 3653 589 3728 quod
602 3651 771 3712 incredibili
786 3650 992 3726 magnitudine
1005 3651 1165 3725 imaginem
1177 3652 1246 3712 red-
