2942 4384
319 470 379 535 108
606 471 639 531 L.
659 470 805 531 ANNAEI
828 470 1002 533 SENECAE

316 626 470 701 quomodo
491 626 572 686 aliud
587 632 634 685 est
648 641 773 699 munus,
795 622 877 683 atiud
894 624 963 699 ipsa
977 622 1111 685 donatio.
1140 624 1226 684 aliud
1242 626 1290 700 qul

313 712 451 785 navigat,
480 710 561 769 alind
584 708 746 781 navigatio.
780 715 810 767 et
824 707 963 782 quamvis
985 723 1077 781 aeger
1093 724 1156 767 non
1172 709 1213 767 sit
1227 709 1291 768 sine

313 794 435 864 morbo,
462 809 523 851 non
546 801 646 851 tamen
668 791 747 849 idem
765 798 814 849 est
827 806 919 864 aeger
934 797 963 849 et
979 790 1120 850 morbus:
1152 791 1196 850 ita
1211 792 1290 850 alind

313 884 361 935 est
380 876 561 934 benellcinm
579 875 693 948 ipsum,
717 873 799 932 allud
816 874 899 947 quod
916 874 956 931 ad
970 890 1224 948 unumquemque
1239 890 1289 933 no·

285 967 406 1023 astrum
428 957 578 1016 beneficio
601 957 747 1031 pervenit.
783 955 859 1014 Illud
876 956 1069 1030 incorporale
1084 963 1147 1025 est,
1172 957 1290 1015 inritum

312 1058 373 1099 non
396 1042 443 1098 tit:
470 1040 595 1099 materia
615 1055 688 1098 vero
708 1038 775 1097 eius
798 1037 856 1097 buc
878 1047 908 1097 et
921 1040 991 1097 illuc
1006 1039 1135 1097 iactatur
1150 1046 1183 1097 et
1197 1037 1289 1099 domi·

313 1140 384 1182 nom
399 1130 501 1181 mutat.
539 1124 644 1195 ltaque
663 1138 730 1181 cum
748 1120 856 1195 eripis,
881 1123 949 1195 ipsa
963 1137 1063 1179 rerum
1080 1130 1191 1181 natura
1205 1137 1288 1181 revo-

314 1221 384 1265 care
407 1206 488 1279 qnod
512 1205 596 1264 dedit
615 1222 675 1264 non
696 1211 806 1277 potest.
839 1204 988 1263 beneficia
1012 1220 1069 1263 sua
1090 1204 1287 1278 interrumpit,

313 1305 374 1348 non
390 1288 550 1347 rescindit:
574 1287 625 1362 qni
642 1288 781 1355 moritur,
804 1294 903 1345 tamen
920 1288 1002 1345 vixit.
1033 1285 1085 1359 qili
1102 1288 1205 1345 amisit
1220 1304 1287 1347 ocu·

313 1372 375 1444 tos,
398 1378 498 1429 tamen
513 1371 597 1430 vidit.
634 1372 718 1444 Quae
732 1370 771 1427 ad
787 1386 843 1429 nos
859 1376 1075 1443 pervenerunt,
1099 1384 1137 1427 ne
1153 1370 1230 1443 sint,
1248 1371 1286 1427 el·

312 1453 363 1514 tici
378 1462 494 1528 potest,
521 1470 560 1513 nc
580 1455 704 1525 luerint,
727 1469 788 1511 non
805 1460 915 1527 potest.
949 1469 1019 1527 pars
1034 1459 1135 1510 autem
1150 1451 1286 1512 beneficii
1328 1509 1329 1514 ,

285 1546 342 1603 aet
363 1538 485 1611 quidem
506 1536 675 1595 certissima
696 1542 757 1607 est,
782 1552 860 1608 qliae
881 1534 944 1594 luit.
978 1536 1213 1607 Nonnumquam
1233 1550 1287 1593 usu
1328 1571 1329 1608 ,

313 1620 452 1679 beneficii
468 1619 604 1691 longiore
622 1617 830 1692 prohibemur,
854 1618 1033 1677 beneficium
1050 1617 1176 1691 quidem
1192 1619 1286 1692 ipsum
1328 1625 1329 1634 ’

313 1719 374 1761 non
396 1702 537 1760 eraditur.
574 1702 657 1760 Licet
677 1717 783 1759 onmes
806 1702 834 1760 in
851 1702 909 1760 hoc
924 1702 1007 1760 vires
1025 1716 1098 1758 suas
1114 1708 1225 1761 natura
1238 1700 1284 1758 ad·
1328 1725 1329 1770 ς

313 1792 416 1856 vocet,
445 1792 525 1843 retro
547 1784 586 1841 illi
608 1791 699 1856 agere
722 1799 756 1842 sc
778 1802 836 1844 non
856 1784 934 1842 ticet.
972 1791 1073 1858 potest
1086 1782 1165 1857 eripi
1182 1785 1285 1844 domus
1328 1825 1329 1834 ,

275 1931 279 1940 ,
313 1876 343 1927 et
365 1866 493 1941 pecunia
516 1874 545 1926 et
565 1866 748 1940 mancipium
769 1876 799 1927 et
820 1867 962 1941 quicquid
985 1873 1047 1938 est,
1066 1866 1096 1925 in
1116 1883 1179 1939 quo
1194 1866 1287 1925 haesit
1324 1899 1329 1942 3

313 1950 451 2009 beneficii
468 1966 590 2009 conten:
614 1951 712 2022 ipsum
725 1967 800 2010 vero
813 1950 920 2009 stabile
932 1957 961 2008 et
972 1951 1118 2008 inmotum
1130 1956 1189 2008 est.
1207 1950 1286 2007 nulla
1328 2015 1329 2020 η

219 2107 221 2112 ,
312 2035 359 2093 vis
375 2034 499 2105 efficiet,
523 2050 560 2091 ne
576 2032 624 2091 bic
639 2034 769 2105 dederit,
793 2049 832 2093 ne
846 2034 895 2092 illc
910 2034 1071 2107 acceperit.

285 2120 305 2171 1'
375 2118 424 2175 lll.
451 2116 581 2192 Egregie
596 2116 666 2175 mibi
681 2116 802 2175 videtur
815 2116 855 2174 Μ.
867 2115 1017 2175 Antonius
1034 2113 1117 2188 apud
1131 2114 1284 2174 Rabirium

314 2208 449 2274 poetam,
473 2217 540 2258 cum
563 2201 712 2258 fortunam
733 2214 820 2257 suam
841 2205 1046 2259 transeuntem
1066 2199 1126 2257 alio
1141 2197 1246 2257 videat
1259 2204 1285 2255 et
1328 2223 1329 2228 κ

313 2283 371 2341 sibi
391 2283 462 2341 nibil
484 2282 618 2340 relictum
643 2289 761 2355 praeter
783 2283 831 2341 ins
851 2282 972 2357 mortis,
994 2282 1025 2340 id
1042 2296 1168 2355 quoque
1188 2282 1214 2339 si
1229 2282 1284 2339 cito
1328 2297 1329 2304 ¹

313 2364 522 2438 occupaverit,
545 2364 731 2423 exclamare=
976 2379 979 2384 ⁴

560 2448 624 2507 Hoc
638 2450 729 2507 bcbcc
744 2448 945 2521 quodcumque
959 2447 1037 2506 dedi.

376 2529 398 2587 0
413 2537 556 2613 quantum
571 2531 683 2589 babere
698 2531 809 2603 potuit,
825 2530 850 2588 si
861 2529 1023 2589 voluisset!
1046 2530 1112 2587 Hae
1127 2537 1200 2589 sunt
1210 2527 1281 2588 divi-

314 2614 370 2673 tiae
382 2621 482 2672 certae
494 2614 523 2671 in
537 2630 729 2687 quacumque
742 2614 834 2672 sortis
846 2612 995 2671 humanae
1008 2613 1129 2670 levitate
1141 2629 1204 2672 uno
1216 2612 1282 2671 loeo

313 2712 540 2771 permansurae.
563 2713 642 2771 qnae
655 2714 715 2771 quo
726 2697 857 2755 maiores
870 2696 987 2767 luerint,
1003 2696 1062 2753 boc
1073 2696 1221 2755 minorem
1234 2695 1282 2751 ba·

284 2781 426 2839 abebunt
445 2779 599 2838 invidiam.
634 2780 711 2853 Quid
727 2788 881 2852 tamqnam
894 2787 944 2838 tuo
961 2778 1084 2853 parcis?
1106 2785 1283 2852 procurator

312 2877 356 2920 es.
380 2863 480 2919 onmia
492 2863 558 2931 ista,
574 2865 653 2935 quae
669 2878 724 2920 vos
739 2864 870 2921 tumidos
887 2869 916 2920 et
930 2877 1024 2935 supra
1038 2862 1172 2920 humana
1188 2862 1281 2919 elatos

307 2942 452 3002 'oblivisci
468 2951 580 3016 cogunt
594 2952 713 3003 vestrae
727 2946 910 3017 fragilitatis,
927 2960 1006 3019 quae
1021 2944 1128 3003 lerreis
1145 2943 1283 3003 claustris

313 3024 473 3086 custoditis
485 3026 598 3099 armati,
612 3043 690 3101 quae
701 3043 740 3086 ex
752 3030 851 3087 alieno
864 3028 1012 3101 sanguine
1023 3035 1111 3100 rapta
1120 3026 1283 3085 vestrode·

312 3110 443 3181 tenditis,
457 3116 580 3183 propter
589 3126 667 3184 quae
676 3112 793 3170 classes
802 3119 1011 3169 cruentaturas
1022 3111 1116 3169 maria
1123 3109 1283 3178 deducitis,

312 3200 436 3267 propter
448 3209 526 3268 quae
542 3194 695 3268 quassatis
711 3195 802 3253 urbes
819 3194 929 3265 ignari,
953 3201 1096 3266 quantum
1111 3195 1239 3251 telorum
1254 3192 1282 3249 in

311 3279 460 3337 adversos
473 3278 593 3336 fortuna
605 3285 759 3350 conparet,
777 3283 988 3351 propterquae
1001 3276 1096 3349 ruptis
1108 3276 1221 3334 totiens
1230 3274 1282 3332 ad·

310 3360 447 3431 finitatis,
464 3362 626 3433 amicitiae,
646 3362 764 3434 collegii
780 3360 954 3434 foederibus
969 3361 1047 3419 inter
1064 3357 1283 3419 contendentes

310 3443 389 3502 duos
401 3450 545 3502 terrarum
562 3443 643 3501 orbis
659 3445 754 3503 elisus
769 3452 830 3514 est,
847 3460 906 3501 non
922 3450 992 3502 sunt
1005 3450 1122 3500 vestras
1143 3441 1173 3500 in
1188 3440 1282 3513 depo·

311 3525 360 3585 siti
377 3541 470 3603 causa
485 3534 554 3585 sunt
569 3526 627 3584 iam
647 3526 766 3600 iamque
780 3528 820 3585 ad
835 3526 925 3586 alium
942 3526 1097 3585 dominum
1114 3521 1285 3597 spectantia

282 3614 299 3667 3
311 3615 363 3665 aut
374 3608 471 3668 hostis
483 3609 532 3666 illa
540 3614 591 3666 aut
602 3603 720 3667 hostilis
728 3610 816 3668 animi
830 3608 1133 3668 soccessorinvadet.
1156 3604 1283 3679 Quaeris

312 3692 466 3763 quomodo
478 3692 528 3749 illa
539 3698 590 3751 tua
603 3690 717 3749 taciast
733 3692 934 3751 donadando.
951 3691 1082 3752 Consule
1091 3690 1184 3765 igitur
1193 3687 1284 3748 rebus
