<?xml version="1.0" encoding="UTF-8"?>
<!DOCTYPE html PUBLIC "-//W3C//DTD XHTML 1.0 Transitional//EN"
    "http://www.w3.org/TR/xhtml1/DTD/xhtml1-transitional.dtd">
<html xmlns="http://www.w3.org/1999/xhtml" xml:lang="en" lang="en">
 <head>
  <title>
</title>
<meta http-equiv="Content-Type" content="text/html;charset=utf-8" />
  <meta name='ocr-system' content='tesseract 3.04.00' />
  <meta name='ocr-capabilities' content='ocr_page ocr_carea ocr_par ocr_line ocrx_word'/>
</head>
<body>
  <div class='ocr_page' id='page_1' title='image "./lannaeisenecaeo07senegoog_0324.png"; bbox 0 0 2942 4384; ppageno 0'>
   <div class='ocr_carea' id='block_1_1' title="bbox 268 426 953 490">
    <p class='ocr_par' dir='ltr' id='par_1_1' title="bbox 268 426 953 490">
     <span class='ocr_line' id='line_1_1' title="bbox 268 426 953 490; baseline 0 0"><span class='ocrx_word' id='word_1_1' title='bbox 268 426 331 490; x_wconf 78' lang='lat'>312</span> <span class='ocrx_word' id='word_1_2' title='bbox 556 428 589 487; x_wconf 93' lang='lat' dir='ltr'>L.</span> <span class='ocrx_word' id='word_1_3' title='bbox 610 429 756 487; x_wconf 81' lang='lat' dir='ltr'>ANNAEI</span> <span class='ocrx_word' id='word_1_4' title='bbox 779 428 953 490; x_wconf 82' lang='lat' dir='ltr'>SENECAE</span> 
     </span>
    </p>
   </div>
   <div class='ocr_carea' id='block_1_2' title="bbox 222 579 1239 3736">
    <p class='ocr_par' dir='ltr' id='par_1_2' title="bbox 268 579 1239 990">
     <span class='ocr_line' id='line_1_2' title="bbox 268 579 1237 662; baseline 0.008 -21"><span class='ocrx_word' id='word_1_5' title='bbox 268 579 473 659; x_wconf 84' lang='lat' dir='ltr'>pulcher-rimo</span> <span class='ocrx_word' id='word_1_6' title='bbox 496 596 625 655; x_wconf 90' lang='lat' dir='ltr'>corpore</span> <span class='ocrx_word' id='word_1_7' title='bbox 648 581 726 640; x_wconf 89' lang='lat' dir='ltr'>inter</span> <span class='ocrx_word' id='word_1_8' title='bbox 752 582 986 642; x_wconf 87' lang='lat' dir='ltr'>innumerabiles</span> <span class='ocrx_word' id='word_1_9' title='bbox 1013 585 1133 658; x_wconf 90' lang='lat' dir='ltr'>stellas,</span> <span class='ocrx_word' id='word_1_10' title='bbox 1163 604 1237 662; x_wconf 84' lang='lat' dir='ltr'>quae</span> 
     </span>
     <span class='ocr_line' id='line_1_3' title="bbox 269 664 1238 737; baseline 0.005 -12"><span class='ocrx_word' id='word_1_11' title='bbox 269 674 389 726; x_wconf 89' lang='lat' dir='ltr'>noctem</span> <span class='ocrx_word' id='word_1_12' title='bbox 411 666 523 724; x_wconf 92' lang='lat' dir='ltr'>decore</span> <span class='ocrx_word' id='word_1_13' title='bbox 543 666 627 723; x_wconf 90' lang='lat' dir='ltr'>vario</span> <span class='ocrx_word' id='word_1_14' title='bbox 646 664 848 737; x_wconf 85' lang='lat' dir='ltr'>distinguunt,</span> <span class='ocrx_word' id='word_1_15' title='bbox 872 681 951 737; x_wconf 81' lang='lat' dir='ltr'>quae·</span> <span class='ocrx_word' id='word_1_16' title='bbox 965 670 1037 725; x_wconf 73' lang='lat' dir='ltr'>aera</span> <span class='ocrx_word' id='word_1_17' title='bbox 1053 667 1177 728; x_wconf 93' lang='lat' dir='ltr'>minime</span> <span class='ocrx_word' id='word_1_18' title='bbox 1192 688 1238 731; x_wconf 87' lang='lat' dir='ltr'>va-</span> 
     </span>
     <span class='ocr_line' id='line_1_4' title="bbox 269 747 1238 827; baseline 0.004 -19"><span class='ocrx_word' id='word_1_19' title='bbox 269 765 359 810; x_wconf 87' lang='lat' dir='ltr'>cuum</span> <span class='ocrx_word' id='word_1_20' title='bbox 376 756 406 807; x_wconf 93' lang='lat' dir='ltr'>et</span> <span class='ocrx_word' id='word_1_21' title='bbox 420 750 544 808; x_wconf 91' lang='lat' dir='ltr'>inertem</span> <span class='ocrx_word' id='word_1_22' title='bbox 561 764 632 807; x_wconf 92' lang='lat' dir='ltr'>esse</span> <span class='ocrx_word' id='word_1_23' title='bbox 648 747 816 820; x_wconf 89' lang='lat' dir='ltr'>patiuntur,</span> <span class='ocrx_word' id='word_1_24' title='bbox 833 748 966 821; x_wconf 90' lang='lat' dir='ltr'>quinque</span> <span class='ocrx_word' id='word_1_25' title='bbox 982 757 1064 808; x_wconf 86' lang='lat' dir='ltr'>setas</span> <span class='ocrx_word' id='word_1_26' title='bbox 1080 767 1162 824; x_wconf 91' lang='lat' dir='ltr'>esse,</span> <span class='ocrx_word' id='word_1_27' title='bbox 1179 755 1238 827; x_wconf 91' lang='lat' dir='ltr'>qui-</span> 
     </span>
     <span class='ocr_line' id='line_1_5' title="bbox 268 830 1239 904; baseline 0.004 -13"><span class='ocrx_word' id='word_1_28' title='bbox 268 832 327 891; x_wconf 90' lang='lat' dir='ltr'>bus</span> <span class='ocrx_word' id='word_1_29' title='bbox 343 847 487 891; x_wconf 90' lang='lat' dir='ltr'>exercere</span> <span class='ocrx_word' id='word_1_30' title='bbox 502 847 536 889; x_wconf 91' lang='lat' dir='ltr'>se</span> <span class='ocrx_word' id='word_1_31' title='bbox 551 830 653 904; x_wconf 85' lang='lat' dir='ltr'>liceat,</span> <span class='ocrx_word' id='word_1_32' title='bbox 676 838 794 890; x_wconf 89' lang='lat' dir='ltr'>ceteras</span> <span class='ocrx_word' id='word_1_33' title='bbox 810 837 906 903; x_wconf 89' lang='lat' dir='ltr'>stare,</span> <span class='ocrx_word' id='word_1_34' title='bbox 922 830 1016 890; x_wconf 87' lang='lat' dir='ltr'>fixum</span> <span class='ocrx_word' id='word_1_35' title='bbox 1029 841 1058 892; x_wconf 91' lang='lat' dir='ltr'>et</span> <span class='ocrx_word' id='word_1_36' title='bbox 1069 832 1239 895; x_wconf 84' lang='lat' dir='ltr'>inmobilem</span> 
     </span>
     <span class='ocr_line' id='line_1_6' title="bbox 270 918 438 990; baseline -0.006 -15"><span class='ocrx_word' id='word_1_37' title='bbox 270 918 438 990; x_wconf 71' lang='lat' dir='ltr'>populum?</span> 
     </span>
    </p>

    <p class='ocr_par' dir='ltr' id='par_1_3' title="bbox 241 998 1239 1327">
     <span class='ocr_line' id='line_1_7' title="bbox 241 998 1239 1079; baseline 0.004 -19"><span class='ocrx_word' id='word_1_38' title='bbox 241 1010 256 1060; x_wconf 96' lang='lat'>1</span> <span class='ocrx_word' id='word_1_39' title='bbox 329 1000 422 1057; x_wconf 84' lang='lat' dir='ltr'><strong>XXV.</strong></span> <span class='ocrx_word' id='word_1_40' title='bbox 455 998 486 1057; x_wconf 89' lang='lat' dir='ltr'>Si</span> <span class='ocrx_word' id='word_1_41' title='bbox 509 1000 577 1073; x_wconf 91' lang='lat' dir='ltr'>quis</span> <span class='ocrx_word' id='word_1_42' title='bbox 599 999 747 1060; x_wconf 89' lang='lat' dir='ltr'>hocloco</span> <span class='ocrx_word' id='word_1_43' title='bbox 768 1017 817 1059; x_wconf 93' lang='lat' dir='ltr'>me</span> <span class='ocrx_word' id='word_1_44' title='bbox 841 998 1089 1075; x_wconf 75' lang='lat' dir='ltr'>interrogaverit:</span> <span class='ocrx_word' id='word_1_45' title='bbox 1124 1021 1239 1079; x_wconf 88' lang='lat' dir='ltr'>quare</span> 
     </span>
     <span class='ocr_line' id='line_1_8' title="bbox 269 1084 1237 1161; baseline 0.005 -19"><span class='ocrx_word' id='word_1_46' title='bbox 269 1098 359 1158; x_wconf 87' lang='lat' dir='ltr'>ergo</span> <span class='ocrx_word' id='word_1_47' title='bbox 382 1098 469 1154; x_wconf 89' lang='lat' dir='ltr'>non,</span> <span class='ocrx_word' id='word_1_48' title='bbox 493 1084 810 1155; x_wconf 84' lang='lat' dir='ltr'>quemadmodum</span> <span class='ocrx_word' id='word_1_49' title='bbox 832 1086 999 1159; x_wconf 90' lang='lat' dir='ltr'>quinque</span> <span class='ocrx_word' id='word_1_50' title='bbox 1023 1087 1237 1161; x_wconf 91' lang='lat' dir='ltr'>stellarum,</span> 
     </span>
     <span class='ocr_line' id='line_1_9' title="bbox 269 1166 1237 1244; baseline 0.006 -20"><span class='ocrx_word' id='word_1_51' title='bbox 269 1168 321 1225; x_wconf 92' lang='lat' dir='ltr'>ita</span> <span class='ocrx_word' id='word_1_52' title='bbox 344 1167 472 1224; x_wconf 89' lang='lat' dir='ltr'>barum</span> <span class='ocrx_word' id='word_1_53' title='bbox 496 1166 730 1225; x_wconf 89' lang='lat' dir='ltr'>observatus</span> <span class='ocrx_word' id='word_1_54' title='bbox 754 1173 814 1225; x_wconf 91' lang='lat' dir='ltr'>est</span> <span class='ocrx_word' id='word_1_55' title='bbox 836 1174 1014 1227; x_wconf 76' lang='lat' dir='ltr'>cursust“</span> <span class='ocrx_word' id='word_1_56' title='bbox 1036 1168 1106 1227; x_wconf 86' lang='lat' dir='ltr'>huie</span> <span class='ocrx_word' id='word_1_57' title='bbox 1121 1186 1179 1244; x_wconf 85' lang='lat' dir='ltr'>ego</span> <span class='ocrx_word' id='word_1_58' title='bbox 1194 1187 1237 1229; x_wconf 81' lang='lat' dir='ltr'>re</span> 
     </span>
     <span class='ocr_line' id='line_1_10' title="bbox 269 1250 1238 1327; baseline 0.004 -19"><span class='ocrx_word' id='word_1_59' title='bbox 269 1250 447 1324; x_wconf 84' lang='lat' dir='ltr'>spondebo:</span> <span class='ocrx_word' id='word_1_60' title='bbox 477 1250 568 1308; x_wconf 89' lang='lat' dir='ltr'>multa</span> <span class='ocrx_word' id='word_1_61' title='bbox 589 1256 673 1321; x_wconf 91' lang='lat' dir='ltr'>sunt,</span> <span class='ocrx_word' id='word_1_62' title='bbox 702 1265 782 1323; x_wconf 89' lang='lat' dir='ltr'>quae</span> <span class='ocrx_word' id='word_1_63' title='bbox 803 1266 873 1309; x_wconf 90' lang='lat' dir='ltr'>esse</span> <span class='ocrx_word' id='word_1_64' title='bbox 900 1250 1111 1310; x_wconf 73' lang='lat' dir='ltr'>concedmus:</span> <span class='ocrx_word' id='word_1_65' title='bbox 1141 1254 1238 1327; x_wconf 87' lang='lat' dir='ltr'>qualia</span> 
     </span>
    </p>

    <p class='ocr_par' dir='ltr' id='par_1_4' title="bbox 239 1332 1239 1989">
     <span class='ocr_line' id='line_1_11' title="bbox 239 1332 1238 1409; baseline 0 -14"><span class='ocrx_word' id='word_1_66' title='bbox 239 1340 353 1405; x_wconf 68' lang='lat' dir='ltr'>nsunt,</span> <span class='ocrx_word' id='word_1_67' title='bbox 382 1333 567 1406; x_wconf 85' lang='lat' dir='ltr'>ignoramus.</span> <span class='ocrx_word' id='word_1_68' title='bbox 610 1332 729 1391; x_wconf 88' lang='lat' dir='ltr'>Habere</span> <span class='ocrx_word' id='word_1_69' title='bbox 751 1349 808 1393; x_wconf 90' lang='lat' dir='ltr'>nos</span> <span class='ocrx_word' id='word_1_70' title='bbox 829 1335 975 1405; x_wconf 89' lang='lat' dir='ltr'>animum,</span> <span class='ocrx_word' id='word_1_71' title='bbox 1005 1335 1091 1393; x_wconf 88' lang='lat' dir='ltr'>cuius</span> <span class='ocrx_word' id='word_1_72' title='bbox 1112 1334 1238 1409; x_wconf 90' lang='lat' dir='ltr'>imperio</span> 
     </span>
     <span class='ocr_line' id='line_1_12' title="bbox 268 1417 1237 1492; baseline 0.002 -17"><span class='ocrx_word' id='word_1_73' title='bbox 268 1417 440 1491; x_wconf 84' lang='lat' dir='ltr'>inpellimur</span> <span class='ocrx_word' id='word_1_74' title='bbox 459 1425 489 1476; x_wconf 91' lang='lat' dir='ltr'>et</span> <span class='ocrx_word' id='word_1_75' title='bbox 507 1431 693 1487; x_wconf 91' lang='lat' dir='ltr'>revocamur,</span> <span class='ocrx_word' id='word_1_76' title='bbox 717 1432 824 1475; x_wconf 91' lang='lat' dir='ltr'>omnes</span> <span class='ocrx_word' id='word_1_77' title='bbox 842 1417 1027 1475; x_wconf 82' lang='lat' dir='ltr'>fatebuntur:</span> <span class='ocrx_word' id='word_1_78' title='bbox 1050 1418 1124 1492; x_wconf 94' lang='lat' dir='ltr'>quid</span> <span class='ocrx_word' id='word_1_79' title='bbox 1142 1426 1237 1477; x_wconf 91' lang='lat' dir='ltr'>tamen</span> 
     </span>
     <span class='ocr_line' id='line_1_13' title="bbox 268 1498 1238 1574; baseline 0.002 -16"><span class='ocrx_word' id='word_1_80' title='bbox 268 1502 307 1558; x_wconf 87' lang='lat' dir='ltr'>sit</span> <span class='ocrx_word' id='word_1_81' title='bbox 327 1500 445 1558; x_wconf 87' lang='lat' dir='ltr'>animus</span> <span class='ocrx_word' id='word_1_82' title='bbox 467 1500 516 1557; x_wconf 90' lang='lat' dir='ltr'>ille</span> <span class='ocrx_word' id='word_1_83' title='bbox 530 1505 630 1557; x_wconf 89' lang='lat' dir='ltr'>rector</span> <span class='ocrx_word' id='word_1_84' title='bbox 645 1498 848 1573; x_wconf 91' lang='lat' dir='ltr'>dominusque</span> <span class='ocrx_word' id='word_1_85' title='bbox 864 1502 975 1572; x_wconf 90' lang='lat' dir='ltr'>nostri,</span> <span class='ocrx_word' id='word_1_86' title='bbox 997 1516 1058 1559; x_wconf 92' lang='lat' dir='ltr'>non</span> <span class='ocrx_word' id='word_1_87' title='bbox 1075 1501 1173 1574; x_wconf 89' lang='lat' dir='ltr'>magis</span> <span class='ocrx_word' id='word_1_88' title='bbox 1188 1502 1238 1560; x_wconf 89' lang='lat' dir='ltr'>tibi</span> 
     </span>
     <span class='ocr_line' id='line_1_14' title="bbox 268 1582 1237 1658; baseline 0.001 -17"><span class='ocrx_word' id='word_1_89' title='bbox 268 1584 428 1657; x_wconf 90' lang='lat' dir='ltr'>quisquam</span> <span class='ocrx_word' id='word_1_90' title='bbox 443 1582 599 1654; x_wconf 80' lang='lat' dir='ltr'>expediet,</span> <span class='ocrx_word' id='word_1_91' title='bbox 625 1598 713 1655; x_wconf 88' lang='lat' dir='ltr'>quam</span> <span class='ocrx_word' id='word_1_92' title='bbox 729 1583 848 1640; x_wconf 89' lang='lat' dir='ltr'>ubisit:</span> <span class='ocrx_word' id='word_1_93' title='bbox 869 1583 945 1641; x_wconf 90' lang='lat' dir='ltr'>alius</span> <span class='ocrx_word' id='word_1_94' title='bbox 962 1582 1044 1640; x_wconf 91' lang='lat' dir='ltr'>illum</span> <span class='ocrx_word' id='word_1_95' title='bbox 1056 1583 1138 1642; x_wconf 91' lang='lat' dir='ltr'>dicet</span> <span class='ocrx_word' id='word_1_96' title='bbox 1153 1585 1237 1658; x_wconf 92' lang='lat' dir='ltr'>spiri·</span> 
     </span>
     <span class='ocr_line' id='line_1_15' title="bbox 267 1666 1239 1743; baseline 0 -18"><span class='ocrx_word' id='word_1_97' title='bbox 267 1673 331 1725; x_wconf 89' lang='lat' dir='ltr'>tum</span> <span class='ocrx_word' id='word_1_98' title='bbox 346 1682 432 1738; x_wconf 91' lang='lat' dir='ltr'>esse,</span> <span class='ocrx_word' id='word_1_99' title='bbox 456 1667 532 1723; x_wconf 92' lang='lat' dir='ltr'>alius</span> <span class='ocrx_word' id='word_1_100' title='bbox 549 1671 728 1743; x_wconf 80' lang='lat' dir='ltr'>concentum</span> <span class='ocrx_word' id='word_1_101' title='bbox 745 1666 921 1737; x_wconf 84' lang='lat' dir='ltr'>quemdam,</span> <span class='ocrx_word' id='word_1_102' title='bbox 938 1666 1014 1724; x_wconf 89' lang='lat' dir='ltr'>alius</span> <span class='ocrx_word' id='word_1_103' title='bbox 1029 1666 1090 1722; x_wconf 93' lang='lat' dir='ltr'>vim</span> <span class='ocrx_word' id='word_1_104' title='bbox 1107 1667 1239 1725; x_wconf 89' lang='lat' dir='ltr'>divinam</span> 
     </span>
     <span class='ocr_line' id='line_1_16' title="bbox 268 1746 1238 1824; baseline 0.002 -17"><span class='ocrx_word' id='word_1_105' title='bbox 268 1756 297 1807; x_wconf 89' lang='lat' dir='ltr'>et</span> <span class='ocrx_word' id='word_1_106' title='bbox 317 1749 365 1806; x_wconf 89' lang='lat' dir='ltr'>dei</span> <span class='ocrx_word' id='word_1_107' title='bbox 388 1756 518 1821; x_wconf 81' lang='lat' dir='ltr'>perlem,</span> <span class='ocrx_word' id='word_1_108' title='bbox 540 1748 616 1805; x_wconf 89' lang='lat' dir='ltr'>alins</span> <span class='ocrx_word' id='word_1_109' title='bbox 638 1746 847 1806; x_wconf 76' lang='lat' dir='ltr'>tenuissImum</span> <span class='ocrx_word' id='word_1_110' title='bbox 863 1764 978 1819; x_wconf 89' lang='lat' dir='ltr'>aerem,</span> <span class='ocrx_word' id='word_1_111' title='bbox 1001 1749 1078 1807; x_wconf 87' lang='lat' dir='ltr'>alius</span> <span class='ocrx_word' id='word_1_112' title='bbox 1097 1748 1238 1824; x_wconf 83' lang='lat' dir='ltr'>incorpo</span> 
     </span>
     <span class='ocr_line' id='line_1_17' title="bbox 266 1829 1239 1907; baseline 0.003 -18"><span class='ocrx_word' id='word_1_113' title='bbox 266 1832 359 1889; x_wconf 92' lang='lat' dir='ltr'>ralem</span> <span class='ocrx_word' id='word_1_114' title='bbox 382 1829 556 1903; x_wconf 90' lang='lat' dir='ltr'>potentiam.</span> <span class='ocrx_word' id='word_1_115' title='bbox 585 1846 645 1889; x_wconf 93' lang='lat' dir='ltr'>non</span> <span class='ocrx_word' id='word_1_116' title='bbox 667 1830 778 1905; x_wconf 91' lang='lat' dir='ltr'>deerit,</span> <span class='ocrx_word' id='word_1_117' title='bbox 802 1832 853 1904; x_wconf 91' lang='lat' dir='ltr'>qui</span> <span class='ocrx_word' id='word_1_118' title='bbox 876 1832 1054 1905; x_wconf 87' lang='lat' dir='ltr'>sanguinem</span> <span class='ocrx_word' id='word_1_119' title='bbox 1070 1831 1166 1905; x_wconf 86' lang='lat' dir='ltr'>dieat,</span> <span class='ocrx_word' id='word_1_120' title='bbox 1190 1832 1239 1907; x_wconf 91' lang='lat' dir='ltr'>qui</span> 
     </span>
     <span class='ocr_line' id='line_1_18' title="bbox 267 1914 1238 1989; baseline 0.002 -16"><span class='ocrx_word' id='word_1_121' title='bbox 267 1915 415 1973; x_wconf 83' lang='lat' dir='ltr'>calorem=</span> <span class='ocrx_word' id='word_1_122' title='bbox 437 1914 514 1972; x_wconf 91' lang='lat' dir='ltr'>adeo</span> <span class='ocrx_word' id='word_1_123' title='bbox 530 1914 630 1972; x_wconf 90' lang='lat' dir='ltr'>animo</span> <span class='ocrx_word' id='word_1_124' title='bbox 644 1929 702 1972; x_wconf 92' lang='lat' dir='ltr'>non</span> <span class='ocrx_word' id='word_1_125' title='bbox 720 1920 821 1987; x_wconf 89' lang='lat' dir='ltr'>potest</span> <span class='ocrx_word' id='word_1_126' title='bbox 835 1916 952 1987; x_wconf 91' lang='lat' dir='ltr'>liquere</span> <span class='ocrx_word' id='word_1_127' title='bbox 964 1915 1003 1971; x_wconf 94' lang='lat' dir='ltr'>de</span> <span class='ocrx_word' id='word_1_128' title='bbox 1015 1914 1125 1973; x_wconf 88' lang='lat' dir='ltr'>ceteris</span> <span class='ocrx_word' id='word_1_129' title='bbox 1137 1916 1238 1989; x_wconf 80' lang='lat' dir='ltr'>rebus,</span> 
     </span>
    </p>

    <p class='ocr_par' dir='ltr' id='par_1_5' title="bbox 234 1996 1238 2403">
     <span class='ocr_line' id='line_1_19' title="bbox 234 1996 1237 2072; baseline 0 -15"><span class='ocrx_word' id='word_1_130' title='bbox 234 2002 298 2057; x_wconf 82' lang='lat' dir='ltr'>3ut</span> <span class='ocrx_word' id='word_1_131' title='bbox 318 1997 417 2056; x_wconf 89' lang='lat' dir='ltr'>adbuc</span> <span class='ocrx_word' id='word_1_132' title='bbox 440 1996 508 2070; x_wconf 86' lang='lat' dir='ltr'>ipse</span> <span class='ocrx_word' id='word_1_133' title='bbox 529 2013 563 2055; x_wconf 93' lang='lat' dir='ltr'>se</span> <span class='ocrx_word' id='word_1_134' title='bbox 580 2004 713 2070; x_wconf 86' lang='lat' dir='ltr'>quaerat.</span> <span class='ocrx_word' id='word_1_135' title='bbox 747 1996 823 2068; x_wconf 85' lang='lat' dir='ltr'>Quid</span> <span class='ocrx_word' id='word_1_136' title='bbox 846 2014 919 2072; x_wconf 88' lang='lat' dir='ltr'>ergo</span> <span class='ocrx_word' id='word_1_137' title='bbox 936 1998 1078 2055; x_wconf 88' lang='lat' dir='ltr'>miramur</span> <span class='ocrx_word' id='word_1_138' title='bbox 1094 2006 1237 2071; x_wconf 85' lang='lat' dir='ltr'>conretas,</span> 
     </span>
     <span class='ocr_line' id='line_1_20' title="bbox 266 2079 1238 2162; baseline 0 -23"><span class='ocrx_word' id='word_1_139' title='bbox 266 2089 326 2139; x_wconf 91' lang='lat' dir='ltr'>tam</span> <span class='ocrx_word' id='word_1_140' title='bbox 347 2097 447 2138; x_wconf 89' lang='lat' dir='ltr'>rarum</span> <span class='ocrx_word' id='word_1_141' title='bbox 468 2080 570 2138; x_wconf 92' lang='lat' dir='ltr'>mundi</span> <span class='ocrx_word' id='word_1_142' title='bbox 593 2080 816 2154; x_wconf 75' lang='lat' dir='ltr'>spectaculum,</span> <span class='ocrx_word' id='word_1_143' title='bbox 843 2081 977 2162; x_wconf 85' lang='lat' dir='ltr'>nondum</span> <span class='ocrx_word' id='word_1_144' title='bbox 1003 2079 1098 2139; x_wconf 91' lang='lat' dir='ltr'>teneri</span> <span class='ocrx_word' id='word_1_145' title='bbox 1120 2081 1238 2153; x_wconf 90' lang='lat' dir='ltr'>legibus</span> 
     </span>
     <span class='ocr_line' id='line_1_21' title="bbox 268 2162 1237 2237; baseline -0.001 -15"><span class='ocrx_word' id='word_1_146' title='bbox 268 2166 357 2222; x_wconf 88' lang='lat' dir='ltr'>certis</span> <span class='ocrx_word' id='word_1_147' title='bbox 379 2178 435 2222; x_wconf 91' lang='lat' dir='ltr'>nec</span> <span class='ocrx_word' id='word_1_148' title='bbox 456 2162 539 2222; x_wconf 88' lang='lat' dir='ltr'>initia</span> <span class='ocrx_word' id='word_1_149' title='bbox 560 2164 678 2222; x_wconf 89' lang='lat' dir='ltr'>illorum</span> <span class='ocrx_word' id='word_1_150' title='bbox 700 2164 840 2237; x_wconf 86' lang='lat' dir='ltr'>finesque</span> <span class='ocrx_word' id='word_1_151' title='bbox 858 2171 1031 2235; x_wconf 90' lang='lat' dir='ltr'>notescere,</span> <span class='ocrx_word' id='word_1_152' title='bbox 1055 2179 1185 2237; x_wconf 91' lang='lat' dir='ltr'>quorum</span> <span class='ocrx_word' id='word_1_153' title='bbox 1201 2180 1237 2221; x_wconf 87' lang='lat' dir='ltr'>ex</span> 
     </span>
     <span class='ocr_line' id='line_1_22' title="bbox 266 2246 1237 2320; baseline -0.001 -15"><span class='ocrx_word' id='word_1_154' title='bbox 266 2246 437 2320; x_wconf 84' lang='lat' dir='ltr'>ingentibus</span> <span class='ocrx_word' id='word_1_155' title='bbox 459 2247 624 2306; x_wconf 91' lang='lat' dir='ltr'>intervallis</span> <span class='ocrx_word' id='word_1_156' title='bbox 644 2262 790 2305; x_wconf 85' lang='lat' dir='ltr'>recursus</span> <span class='ocrx_word' id='word_1_157' title='bbox 813 2253 884 2306; x_wconf 80' lang='lat' dir='ltr'>estt</span> <span class='ocrx_word' id='word_1_158' title='bbox 917 2247 1056 2306; x_wconf 90' lang='lat' dir='ltr'>Nondum</span> <span class='ocrx_word' id='word_1_159' title='bbox 1077 2254 1149 2305; x_wconf 91' lang='lat' dir='ltr'>sunt</span> <span class='ocrx_word' id='word_1_160' title='bbox 1169 2247 1237 2305; x_wconf 89' lang='lat' dir='ltr'>anni</span> 
     </span>
     <span class='ocr_line' id='line_1_23' title="bbox 266 2330 813 2403; baseline 0 -14"><span class='ocrx_word' id='word_1_161' title='bbox 266 2330 347 2389; x_wconf 89' lang='lat' dir='ltr'>mille</span> <span class='ocrx_word' id='word_1_162' title='bbox 363 2330 530 2401; x_wconf 84' lang='lat' dir='ltr'>quingenti,</span> <span class='ocrx_word' id='word_1_163' title='bbox 554 2345 592 2387; x_wconf 86' lang='lat' dir='ltr'>ex</span> <span class='ocrx_word' id='word_1_164' title='bbox 609 2347 669 2403; x_wconf 93' lang='lat' dir='ltr'>quo</span> <span class='ocrx_word' id='word_1_165' title='bbox 686 2331 813 2389; x_wconf 82' lang='lat' dir='ltr'>Graecia</span> 
     </span>
    </p>

    <p class='ocr_par' dir='ltr' id='par_1_6' title="bbox 489 2414 996 2485">
     <span class='ocr_line' id='line_1_24' title="bbox 489 2414 996 2485; baseline 0 -14"><span class='ocrx_word' id='word_1_166' title='bbox 489 2415 579 2472; x_wconf 75' lang='lat' dir='ltr'>stellis</span> <span class='ocrx_word' id='word_1_167' title='bbox 592 2429 727 2473; x_wconf 81' lang='lat' dir='ltr'>nttmeros</span> <span class='ocrx_word' id='word_1_168' title='bbox 742 2420 771 2472; x_wconf 83' lang='lat' dir='ltr'>et</span> <span class='ocrx_word' id='word_1_169' title='bbox 783 2416 902 2472; x_wconf 81' lang='lat' dir='ltr'>nomina</span> <span class='ocrx_word' id='word_1_170' title='bbox 913 2414 996 2485; x_wconf 80' lang='lat' dir='ltr'>fecit.</span> 
     </span>
    </p>

    <p class='ocr_par' dir='ltr' id='par_1_7' title="bbox 265 2495 1238 2738">
     <span class='ocr_line' id='line_1_25' title="bbox 265 2495 1238 2570; baseline 0 -15"><span class='ocrx_word' id='word_1_171' title='bbox 265 2498 376 2555; x_wconf 90' lang='lat' dir='ltr'>multae</span> <span class='ocrx_word' id='word_1_172' title='bbox 389 2495 542 2570; x_wconf 90' lang='lat' dir='ltr'>hodieque</span> <span class='ocrx_word' id='word_1_173' title='bbox 558 2503 629 2555; x_wconf 90' lang='lat' dir='ltr'>sunt</span> <span class='ocrx_word' id='word_1_174' title='bbox 640 2504 761 2570; x_wconf 89' lang='lat' dir='ltr'>gentes,</span> <span class='ocrx_word' id='word_1_175' title='bbox 784 2513 862 2570; x_wconf 91' lang='lat' dir='ltr'>quae</span> <span class='ocrx_word' id='word_1_176' title='bbox 875 2504 988 2556; x_wconf 87' lang='lat' dir='ltr'>tanturn</span> <span class='ocrx_word' id='word_1_177' title='bbox 1001 2496 1077 2554; x_wconf 88' lang='lat' dir='ltr'>lacie</span> <span class='ocrx_word' id='word_1_178' title='bbox 1087 2508 1238 2555; x_wconf 91' lang='lat' dir='ltr'>noverunt</span> 
     </span>
     <span class='ocr_line' id='line_1_26' title="bbox 267 2580 1236 2653; baseline 0 -15"><span class='ocrx_word' id='word_1_179' title='bbox 267 2582 399 2653; x_wconf 92' lang='lat' dir='ltr'>coelum,</span> <span class='ocrx_word' id='word_1_180' title='bbox 423 2596 501 2653; x_wconf 90' lang='lat' dir='ltr'>quae</span> <span class='ocrx_word' id='word_1_181' title='bbox 523 2580 657 2639; x_wconf 91' lang='lat' dir='ltr'>nondum</span> <span class='ocrx_word' id='word_1_182' title='bbox 679 2580 792 2651; x_wconf 86' lang='lat' dir='ltr'>sciunt,</span> <span class='ocrx_word' id='word_1_183' title='bbox 819 2596 872 2639; x_wconf 89' lang='lat' dir='ltr'>eur</span> <span class='ocrx_word' id='word_1_184' title='bbox 892 2581 962 2638; x_wconf 87' lang='lat' dir='ltr'>luna</span> <span class='ocrx_word' id='word_1_185' title='bbox 984 2580 1118 2649; x_wconf 84' lang='lat' dir='ltr'>deficiat,</span> <span class='ocrx_word' id='word_1_186' title='bbox 1142 2595 1236 2652; x_wconf 90' lang='lat' dir='ltr'>quare</span> 
     </span>
     <span class='ocr_line' id='line_1_27' title="bbox 267 2662 1236 2738; baseline -0.005 -15"><span class='ocrx_word' id='word_1_187' title='bbox 267 2663 469 2723; x_wconf 88' lang='lat' dir='ltr'>obumbretur.</span> <span class='ocrx_word' id='word_1_188' title='bbox 500 2662 576 2722; x_wconf 88' lang='lat' dir='ltr'>baec</span> <span class='ocrx_word' id='word_1_189' title='bbox 598 2664 677 2738; x_wconf 87' lang='lat' dir='ltr'>apud</span> <span class='ocrx_word' id='word_1_190' title='bbox 703 2679 760 2723; x_wconf 92' lang='lat' dir='ltr'>nos</span> <span class='ocrx_word' id='word_1_191' title='bbox 777 2678 901 2737; x_wconf 89' lang='lat' dir='ltr'>quoque</span> <span class='ocrx_word' id='word_1_192' title='bbox 916 2678 1012 2736; x_wconf 89' lang='lat' dir='ltr'>nuper</span> <span class='ocrx_word' id='word_1_193' title='bbox 1026 2663 1102 2721; x_wconf 87' lang='lat' dir='ltr'>ratio</span> <span class='ocrx_word' id='word_1_194' title='bbox 1118 2663 1156 2719; x_wconf 88' lang='lat' dir='ltr'>ad</span> <span class='ocrx_word' id='word_1_195' title='bbox 1174 2678 1236 2721; x_wconf 90' lang='lat' dir='ltr'>cer-</span> 
     </span>
    </p>

    <p class='ocr_par' dir='ltr' id='par_1_8' title="bbox 238 2746 1236 3152">
     <span class='ocr_line' id='line_1_28' title="bbox 238 2746 1236 2821; baseline -0.006 -13"><span class='ocrx_word' id='word_1_196' title='bbox 238 2756 326 2808; x_wconf 80' lang='lat' dir='ltr'>4tum</span> <span class='ocrx_word' id='word_1_197' title='bbox 350 2747 501 2821; x_wconf 87' lang='lat' dir='ltr'>perduxit.</span> <span class='ocrx_word' id='word_1_198' title='bbox 544 2748 681 2805; x_wconf 89' lang='lat' dir='ltr'>Veniet</span> <span class='ocrx_word' id='word_1_199' title='bbox 714 2753 876 2819; x_wconf 76' lang='lat' dir='ltr'>tempuS,</span> <span class='ocrx_word' id='word_1_200' title='bbox 910 2760 981 2819; x_wconf 93' lang='lat' dir='ltr'>quo</span> <span class='ocrx_word' id='word_1_201' title='bbox 1015 2746 1106 2815; x_wconf 88' lang='lat' dir='ltr'>ista,</span> <span class='ocrx_word' id='word_1_202' title='bbox 1140 2759 1236 2818; x_wconf 90' lang='lat' dir='ltr'>quae</span> 
     </span>
     <span class='ocr_line' id='line_1_29' title="bbox 266 2827 1235 2902; baseline -0.003 -13"><span class='ocrx_word' id='word_1_203' title='bbox 266 2846 363 2889; x_wconf 86' lang='lat' dir='ltr'>nunc</span> <span class='ocrx_word' id='word_1_204' title='bbox 392 2831 528 2902; x_wconf 89' lang='lat' dir='ltr'>latent,</span> <span class='ocrx_word' id='word_1_205' title='bbox 557 2829 592 2887; x_wconf 97' lang='lat' dir='ltr'>in</span> <span class='ocrx_word' id='word_1_206' title='bbox 622 2833 743 2889; x_wconf 86' lang='lat' dir='ltr'>lucem</span> <span class='ocrx_word' id='word_1_207' title='bbox 774 2830 857 2888; x_wconf 92' lang='lat' dir='ltr'>dies</span> <span class='ocrx_word' id='word_1_208' title='bbox 886 2827 1065 2887; x_wconf 88' lang='lat' dir='ltr'>extrahat</span> <span class='ocrx_word' id='word_1_209' title='bbox 1091 2834 1127 2885; x_wconf 91' lang='lat' dir='ltr'>et</span> <span class='ocrx_word' id='word_1_210' title='bbox 1154 2827 1235 2886; x_wconf 94' lang='lat' dir='ltr'>lon·</span> 
     </span>
     <span class='ocr_line' id='line_1_30' title="bbox 265 2912 1235 2987; baseline -0.003 -17"><span class='ocrx_word' id='word_1_211' title='bbox 265 2914 388 2986; x_wconf 88' lang='lat' dir='ltr'>gioris</span> <span class='ocrx_word' id='word_1_212' title='bbox 416 2914 502 2971; x_wconf 88' lang='lat' dir='ltr'>aevi</span> <span class='ocrx_word' id='word_1_213' title='bbox 530 2914 747 2987; x_wconf 81' lang='lat' dir='ltr'>diligentia.</span> <span class='ocrx_word' id='word_1_214' title='bbox 781 2914 818 2971; x_wconf 90' lang='lat' dir='ltr'>ad</span> <span class='ocrx_word' id='word_1_215' title='bbox 841 2912 1065 2986; x_wconf 89' lang='lat' dir='ltr'>inquisitionem</span> <span class='ocrx_word' id='word_1_216' title='bbox 1085 2917 1235 2971; x_wconf 88' lang='lat' dir='ltr'>tantorum</span> 
     </span>
     <span class='ocr_line' id='line_1_31' title="bbox 266 2993 1234 3067; baseline -0.004 -13"><span class='ocrx_word' id='word_1_217' title='bbox 266 3004 349 3055; x_wconf 89' lang='lat' dir='ltr'>aetas</span> <span class='ocrx_word' id='word_1_218' title='bbox 371 3011 432 3054; x_wconf 88' lang='lat' dir='ltr'>una</span> <span class='ocrx_word' id='word_1_219' title='bbox 451 3012 512 3053; x_wconf 93' lang='lat' dir='ltr'>non</span> <span class='ocrx_word' id='word_1_220' title='bbox 535 2997 660 3067; x_wconf 87' lang='lat' dir='ltr'>sullicit,</span> <span class='ocrx_word' id='word_1_221' title='bbox 684 3004 717 3055; x_wconf 91' lang='lat' dir='ltr'>ut</span> <span class='ocrx_word' id='word_1_222' title='bbox 737 3003 799 3054; x_wconf 91' lang='lat' dir='ltr'>tota</span> <span class='ocrx_word' id='word_1_223' title='bbox 814 2998 900 3055; x_wconf 93' lang='lat' dir='ltr'>coelo</span> <span class='ocrx_word' id='word_1_224' title='bbox 915 3001 1011 3052; x_wconf 86' lang='lat' dir='ltr'>vacet.</span> <span class='ocrx_word' id='word_1_225' title='bbox 1041 2993 1128 3067; x_wconf 92' lang='lat' dir='ltr'>quid,</span> <span class='ocrx_word' id='word_1_226' title='bbox 1154 2993 1234 3067; x_wconf 91' lang='lat' dir='ltr'>quod</span> 
     </span>
     <span class='ocr_line' id='line_1_32' title="bbox 264 3079 1235 3152; baseline -0.005 -14"><span class='ocrx_word' id='word_1_227' title='bbox 264 3087 324 3138; x_wconf 89' lang='lat' dir='ltr'>tam</span> <span class='ocrx_word' id='word_1_228' title='bbox 341 3093 457 3152; x_wconf 87' lang='lat' dir='ltr'>paucos</span> <span class='ocrx_word' id='word_1_229' title='bbox 473 3094 569 3137; x_wconf 88' lang='lat' dir='ltr'>annos</span> <span class='ocrx_word' id='word_1_230' title='bbox 582 3079 659 3137; x_wconf 91' lang='lat' dir='ltr'>inter</span> <span class='ocrx_word' id='word_1_231' title='bbox 670 3080 770 3138; x_wconf 91' lang='lat' dir='ltr'>studia</span> <span class='ocrx_word' id='word_1_232' title='bbox 781 3095 817 3137; x_wconf 90' lang='lat' dir='ltr'>ac</span> <span class='ocrx_word' id='word_1_233' title='bbox 828 3080 899 3137; x_wconf 91' lang='lat' dir='ltr'>vitia</span> <span class='ocrx_word' id='word_1_234' title='bbox 910 3094 970 3136; x_wconf 94' lang='lat' dir='ltr'>non</span> <span class='ocrx_word' id='word_1_235' title='bbox 984 3092 1083 3151; x_wconf 90' lang='lat' dir='ltr'>aequa</span> <span class='ocrx_word' id='word_1_236' title='bbox 1097 3079 1235 3148; x_wconf 84' lang='lat' dir='ltr'>portione</span> 
     </span>
    </p>

    <p class='ocr_par' dir='ltr' id='par_1_9' title="bbox 222 3159 1233 3235">
     <span class='ocr_line' id='line_1_33' title="bbox 222 3159 1233 3235; baseline -0.004 -15"><span class='ocrx_word' id='word_1_237' title='bbox 222 3198 226 3203; x_wconf 91' lang='lat'>·</span> <span class='ocrx_word' id='word_1_238' title='bbox 266 3162 448 3221; x_wconf 71' lang='lat' dir='ltr'>dividimus?</span> <span class='ocrx_word' id='word_1_239' title='bbox 472 3161 574 3235; x_wconf 91' lang='lat' dir='ltr'>itaque</span> <span class='ocrx_word' id='word_1_240' title='bbox 598 3178 651 3235; x_wconf 90' lang='lat' dir='ltr'>per</span> <span class='ocrx_word' id='word_1_241' title='bbox 671 3162 886 3221; x_wconf 89' lang='lat' dir='ltr'>successiones</span> <span class='ocrx_word' id='word_1_242' title='bbox 907 3162 965 3220; x_wconf 88' lang='lat' dir='ltr'>ista</span> <span class='ocrx_word' id='word_1_243' title='bbox 980 3162 1086 3232; x_wconf 91' lang='lat' dir='ltr'>longas</span> <span class='ocrx_word' id='word_1_244' title='bbox 1103 3159 1233 3232; x_wconf 83' lang='lat' dir='ltr'>explica·</span> 
     </span>
    </p>

    <p class='ocr_par' dir='ltr' id='par_1_10' title="bbox 237 3244 1236 3736">
     <span class='ocr_line' id='line_1_34' title="bbox 237 3244 1235 3319; baseline -0.009 -11"><span class='ocrx_word' id='word_1_245' title='bbox 237 3246 383 3309; x_wconf 71' lang='lat' dir='ltr'>5buntur·</span> <span class='ocrx_word' id='word_1_246' title='bbox 422 3244 533 3305; x_wconf 89' lang='lat' dir='ltr'>Veniet</span> <span class='ocrx_word' id='word_1_247' title='bbox 551 3253 687 3319; x_wconf 87' lang='lat' dir='ltr'>tempus,</span> <span class='ocrx_word' id='word_1_248' title='bbox 716 3262 776 3319; x_wconf 88' lang='lat' dir='ltr'>quo</span> <span class='ocrx_word' id='word_1_249' title='bbox 800 3244 915 3318; x_wconf 91' lang='lat' dir='ltr'>posteri</span> <span class='ocrx_word' id='word_1_250' title='bbox 935 3245 1030 3303; x_wconf 92' lang='lat' dir='ltr'>nostri</span> <span class='ocrx_word' id='word_1_251' title='bbox 1050 3249 1110 3300; x_wconf 87' lang='lat' dir='ltr'>tam</span> <span class='ocrx_word' id='word_1_252' title='bbox 1131 3249 1235 3315; x_wconf 88' lang='lat' dir='ltr'>aperta</span> 
     </span>
     <span class='ocr_line' id='line_1_35' title="bbox 264 3328 1235 3400; baseline -0.006 -12"><span class='ocrx_word' id='word_1_253' title='bbox 264 3346 322 3388; x_wconf 92' lang='lat' dir='ltr'>nos</span> <span class='ocrx_word' id='word_1_254' title='bbox 344 3329 481 3387; x_wconf 89' lang='lat' dir='ltr'>nescisse</span> <span class='ocrx_word' id='word_1_255' title='bbox 499 3329 650 3387; x_wconf 92' lang='lat' dir='ltr'>mirentur.</span> <span class='ocrx_word' id='word_1_256' title='bbox 687 3330 799 3387; x_wconf 92' lang='lat' dir='ltr'>Harum</span> <span class='ocrx_word' id='word_1_257' title='bbox 815 3329 948 3400; x_wconf 89' lang='lat' dir='ltr'>quinque</span> <span class='ocrx_word' id='word_1_258' title='bbox 964 3328 1133 3395; x_wconf 90' lang='lat' dir='ltr'>stellarum,</span> <span class='ocrx_word' id='word_1_259' title='bbox 1159 3339 1235 3399; x_wconf 87' lang='lat' dir='ltr'>quae</span> 
     </span>
     <span class='ocr_line' id='line_1_36' title="bbox 265 3410 1234 3487; baseline -0.006 -16"><span class='ocrx_word' id='word_1_260' title='bbox 265 3428 300 3471; x_wconf 91' lang='lat' dir='ltr'>se</span> <span class='ocrx_word' id='word_1_261' title='bbox 315 3412 455 3484; x_wconf 90' lang='lat' dir='ltr'>ingerunt</span> <span class='ocrx_word' id='word_1_262' title='bbox 470 3412 573 3483; x_wconf 90' lang='lat' dir='ltr'>nobis,</span> <span class='ocrx_word' id='word_1_263' title='bbox 598 3428 678 3487; x_wconf 89' lang='lat' dir='ltr'>quae</span> <span class='ocrx_word' id='word_1_264' title='bbox 694 3413 753 3472; x_wconf 90' lang='lat' dir='ltr'>alio</span> <span class='ocrx_word' id='word_1_265' title='bbox 772 3419 864 3485; x_wconf 89' lang='lat' dir='ltr'>atque</span> <span class='ocrx_word' id='word_1_266' title='bbox 880 3412 938 3469; x_wconf 89' lang='lat' dir='ltr'>alio</span> <span class='ocrx_word' id='word_1_267' title='bbox 955 3415 1152 3469; x_wconf 86' lang='lat' dir='ltr'>occurrentes</span> <span class='ocrx_word' id='word_1_268' title='bbox 1168 3410 1234 3468; x_wconf 91' lang='lat' dir='ltr'>loco</span> 
     </span>
     <span class='ocr_line' id='line_1_37' title="bbox 265 3492 1234 3569; baseline -0.005 -16"><span class='ocrx_word' id='word_1_269' title='bbox 265 3494 405 3555; x_wconf 88' lang='lat' dir='ltr'>curiosos</span> <span class='ocrx_word' id='word_1_270' title='bbox 420 3511 477 3553; x_wconf 93' lang='lat' dir='ltr'>nos</span> <span class='ocrx_word' id='word_1_271' title='bbox 493 3511 564 3553; x_wconf 91' lang='lat' dir='ltr'>esse</span> <span class='ocrx_word' id='word_1_272' title='bbox 579 3503 705 3569; x_wconf 90' lang='lat' dir='ltr'>cogunt,</span> <span class='ocrx_word' id='word_1_273' title='bbox 726 3496 777 3567; x_wconf 89' lang='lat' dir='ltr'>qui</span> <span class='ocrx_word' id='word_1_274' title='bbox 792 3494 928 3553; x_wconf 89' lang='lat' dir='ltr'>matutini</span> <span class='ocrx_word' id='word_1_275' title='bbox 944 3492 1173 3567; x_wconf 90' lang='lat' dir='ltr'>vespertinique</span> <span class='ocrx_word' id='word_1_276' title='bbox 1189 3507 1234 3550; x_wconf 92' lang='lat' dir='ltr'>or·</span> 
     </span>
     <span class='ocr_line' id='line_1_38' title="bbox 263 3576 1236 3652; baseline -0.007 -16"><span class='ocrx_word' id='word_1_277' title='bbox 263 3586 311 3637; x_wconf 90' lang='lat' dir='ltr'>tus</span> <span class='ocrx_word' id='word_1_278' title='bbox 325 3579 397 3651; x_wconf 92' lang='lat' dir='ltr'>sint,</span> <span class='ocrx_word' id='word_1_279' title='bbox 415 3594 493 3652; x_wconf 91' lang='lat' dir='ltr'>quae</span> <span class='ocrx_word' id='word_1_280' title='bbox 505 3579 666 3651; x_wconf 88' lang='lat' dir='ltr'>stationes,</span> <span class='ocrx_word' id='word_1_281' title='bbox 679 3576 802 3652; x_wconf 87' lang='lat' dir='ltr'>quando</span> <span class='ocrx_word' id='word_1_282' title='bbox 816 3578 845 3635; x_wconf 97' lang='lat' dir='ltr'>in</span> <span class='ocrx_word' id='word_1_283' title='bbox 857 3583 971 3635; x_wconf 79' lang='lat' dir='ltr'>rectum</span> <span class='ocrx_word' id='word_1_284' title='bbox 984 3577 1126 3646; x_wconf 81' lang='lat' dir='ltr'>terantur,</span> <span class='ocrx_word' id='word_1_285' title='bbox 1143 3587 1236 3649; x_wconf 87' lang='lat' dir='ltr'>quare</span> 
     </span>
     <span class='ocr_line' id='line_1_39' title="bbox 265 3659 1236 3736; baseline -0.005 -17"><span class='ocrx_word' id='word_1_286' title='bbox 265 3668 392 3734; x_wconf 87' lang='lat' dir='ltr'>agantur</span> <span class='ocrx_word' id='word_1_287' title='bbox 405 3668 501 3736; x_wconf 87' lang='lat' dir='ltr'>retro,</span> <span class='ocrx_word' id='word_1_288' title='bbox 524 3662 615 3720; x_wconf 92' lang='lat' dir='ltr'>modo</span> <span class='ocrx_word' id='word_1_289' title='bbox 632 3660 789 3735; x_wconf 85' lang='lat' dir='ltr'>coepimus</span> <span class='ocrx_word' id='word_1_290' title='bbox 805 3660 893 3719; x_wconf 88' lang='lat' dir='ltr'>scire.</span> <span class='ocrx_word' id='word_1_291' title='bbox 929 3659 1035 3719; x_wconf 89' lang='lat' dir='ltr'>Utrum</span> <span class='ocrx_word' id='word_1_292' title='bbox 1050 3664 1236 3731; x_wconf 81' lang='lat' dir='ltr'>mergeretur</span> 
     </span>
    </p>
   </div>
   <div class='ocr_carea' id='block_1_3' title="bbox 0 0 1476 4384">
    <p class='ocr_par' dir='ltr' id='par_1_11' title="bbox 0 0 1476 4384">
     <span class='ocr_line' id='line_1_40' title="bbox 0 0 1476 4384; baseline 0 2"><span class='ocrx_word' id='word_1_293' title='bbox 0 0 1476 4384; x_wconf 95' lang='lat' dir='ltr'> </span> 
     </span>
    </p>
   </div>
  </div>
 </body>
</html>
