2942 4384
263 468 306 535 94
548 471 582 531 L.
603 468 751 533 ANNAEI
773 467 948 531 SENECAE

234 639 249 691 1
323 623 360 684 Χ.
381 622 568 683 Beneficium
583 630 631 683 est
642 620 832 696 praestitisse
844 620 959 696 aliquid
970 622 1092 682 utiliter.
1113 621 1224 683 verbm

263 715 363 768 autem
379 706 635 782 praestitisse
656 704 695 763 ad
709 706 785 763 aiios
798 712 925 778 spectat.
947 706 1103 780 Numquid
1115 707 1226 766 nonde·
1274 763 1276 770 .

263 808 350 851 mens
365 789 524 861 videbitur,
538 788 589 863 qui
606 788 721 862 aliquid
734 787 910 847 vendidisse
924 789 982 848 sibi
997 803 1033 848 se
1045 789 1151 850 dicett
1170 788 1230 866 quia
1271 784 1278 822 '‘

262 873 397 934 venditio
418 874 560 931 alienatio
583 879 631 931 est
652 878 681 931 et
700 871 746 931 rei
767 886 843 930 suae
864 871 999 947 iurisque
1021 871 1051 931 in
1073 888 1114 932 ea
1135 872 1231 933 suiad
1275 891 1277 954 j

264 960 353 1017 atium
372 956 539 1016 translatio.
563 955 646 1029 atqui
663 955 920 1029 quemadmodum
936 956 1085 1028 vendere,
1109 955 1156 1016 sic
1171 957 1233 1016 dare

263 1040 377 1114 aliquid
398 1055 415 1098 a
432 1055 466 1098 se
482 1038 629 1098 dimittere
646 1045 692 1097 est
706 1045 736 1097 et
750 1039 780 1097 id
797 1040 879 1112 qnod
896 1038 1044 1111 tenueris,
1067 1037 1233 1099 habendum

263 1124 349 1182 atteri
369 1123 505 1181 tradere:
529 1122 613 1196 quod
635 1122 660 1181 si
681 1131 743 1194 est,
769 1121 950 1181 beneficium
967 1138 1058 1196 nemo
1074 1122 1136 1182 sibi
1152 1123 1234 1194 dedit,
1275 1165 1278 1196 4

264 1207 335 1282 quia
357 1222 446 1265 nemo
462 1207 515 1265 dat
529 1206 603 1266 sibi=
626 1206 740 1279 atioqni
757 1205 818 1264 duo
834 1204 1028 1265 contrariam
1043 1222 1108 1266 uno
1125 1211 1236 1275 coeunt

235 1299 296 1362 put
309 1290 349 1349 sit
364 1290 443 1349 idem
459 1291 533 1348 dare
548 1297 577 1348 et
593 1290 742 1363 accipere.
779 1288 957 1347 Etiamnunc
973 1289 1102 1349 muitum
1119 1290 1237 1350 interest

263 1376 341 1434 inter
355 1374 428 1431 dare
444 1382 473 1434 et
484 1373 640 1447 accipere:
663 1371 789 1446 quidni?
811 1387 878 1430 cum
890 1386 930 1429 ex
941 1372 1065 1431 diverso
1078 1373 1140 1433 ista
1152 1373 1237 1432 verba

263 1459 365 1533 posita
381 1457 449 1516 sint.
478 1456 561 1529 atqui
577 1456 603 1514 si
620 1454 688 1528 quis
704 1455 762 1513 sibi
777 1453 958 1514 beneficium
973 1457 1040 1528 dat,
1062 1456 1140 1515 nihil
1155 1457 1236 1516 inter·

264 1549 312 1601 est
332 1542 409 1600 inter
423 1540 496 1597 dare
512 1546 542 1597 et
559 1539 709 1611 accipere.
742 1537 836 1596 Panto
851 1545 920 1597 ante
935 1538 1075 1597 dicebam
1091 1541 1237 1614 quaedam
1259 1595 1265 1607 ,

264 1624 302 1682 ad
320 1624 396 1682 alios
413 1621 564 1695 pertinere
580 1620 669 1679 etsie
684 1637 756 1681 esse
770 1623 914 1694 formata,
933 1629 967 1680 ut
981 1629 1044 1681 tota
1059 1623 1236 1696 significatio

265 1707 382 1765 iliorum
399 1704 538 1763 discedat
552 1721 570 1763 a
584 1702 690 1763 nobis:
712 1706 805 1764 irater
819 1721 901 1774 sum,
925 1705 981 1763 sed
996 1706 1140 1779 alterius,
1155 1720 1236 1765 neme

265 1796 313 1847 est
328 1789 405 1847 enim
424 1802 499 1846 suus
515 1789 615 1847 trater.
639 1804 694 1861 pan
709 1804 790 1859 sum,
814 1788 868 1847 sed
884 1787 982 1846 alicui.
1006 1790 1076 1862 quis
1091 1791 1174 1849 enim
1190 1803 1237 1864 par

164 1919 167 1926 .
265 1881 312 1931 est
332 1872 411 1930 sipia
451 1870 537 1942 Quod
557 1879 756 1945 conparatur,
776 1871 842 1929 sine
862 1872 956 1930 attero
974 1888 1034 1931 non
1051 1874 1237 1948 intellegitur.

266 1956 347 2029 qnod
364 1955 504 2028 iungitur,
520 1955 587 2013 sine
602 1957 696 2015 attero
709 1971 769 2012 non
783 1961 842 2014 est:
865 1954 910 2013 sic
922 1962 952 2014 et
963 1958 1045 2030 quod
1059 1957 1160 2030 datur,
1177 1957 1236 2016 sinc

235 2042 360 2102 saltere
381 2054 441 2097 non
464 2046 524 2112 est,
550 2046 579 2098 et
600 2038 971 2099 beneficiumsineattero
989 2047 1123 2100 nonest.
1160 2041 1236 2099 ldem

264 2122 334 2198 ipso
347 2122 496 2182 vocabulo
510 2122 651 2195 adparet,
669 2123 697 2180 in
711 2138 773 2194 quo
785 2121 844 2180 boc
857 2122 1026 2182 continetur
1038 2122 1236 2184 benefecisse.

265 2224 353 2267 nemo
375 2215 474 2265 autem
498 2204 556 2263 sibi
578 2205 745 2279 benefacit,
767 2222 828 2263 nan
850 2204 947 2278 magis
965 2222 1059 2280 quam
1075 2207 1135 2265 sibi
1153 2208 1237 2278 iavet,

265 2306 355 2363 quam
377 2304 500 2347 suarum
522 2288 651 2361 partiunt
675 2296 730 2347 est.
771 2288 889 2347 Diutius
908 2289 966 2349 hoc
987 2297 1017 2349 et
1037 2291 1176 2364 pluribus
1190 2305 1238 2348 ex-

266 2371 374 2445 emptis
390 2371 459 2430 ticet
471 2372 632 2445 prosequi:
654 2370 781 2445 quidni?
802 2387 870 2431 cum
882 2372 960 2431 inter
970 2388 1006 2432 ea
1017 2373 1238 2433 sitbabendum

236 2454 462 2526 4beneficium‚
479 2470 558 2529 quae
570 2456 736 2515 secundam
750 2471 914 2530 personam
926 2456 1113 2515 desiderant.
1146 2458 1239 2531 Quae

266 2538 336 2597 dam
362 2553 429 2596 cum
455 2539 516 2597 sint
535 2538 678 2611 honesta,
709 2539 929 2612 pulcherrima,
954 2554 1091 2599 summae
1113 2539 1238 2609 virtutis,

265 2622 323 2681 nisi
339 2621 368 2680 in
385 2623 479 2681 attero
494 2638 554 2681 non
567 2622 680 2681 habent
690 2624 807 2681 tecum:
829 2623 969 2682 laudatur
980 2631 1010 2682 et
1020 2623 1100 2683 inter
1110 2623 1239 2683 maxima

223 2764 226 2770 ,
264 2704 387 2765 humani
407 2705 528 2778 generis
543 2706 624 2765 bona
639 2706 717 2765 tides
733 2706 850 2765 colitur.
875 2722 946 2766 num
961 2707 1030 2781 quis
1046 2721 1122 2782 ergo
1137 2706 1241 2768 dicitur

267 2790 324 2847 sibi
340 2788 432 2846 fidem
448 2789 661 2862 praestitisset

237 2882 252 2931 1
325 2870 375 2926 XI.
411 2871 534 2927 Venio
568 2886 664 2929 nunc
696 2871 741 2929 ad
771 2873 941 2932 ultimam
973 2881 1130 2948 partem.
1176 2870 1269 2946 Qut*

265 2952 425 3025 gratiam
453 2954 588 3026 refert,
618 2954 765 3028 aliquid
792 2956 906 3015 debet
928 2957 1160 3032 inpendere,
1191 2953 1240 3015 si-

266 3042 328 3094 cut
350 3035 412 3109 qui
441 3036 563 3096 solvit
590 3038 804 3111 pecuniam.
839 3040 933 3098 nihii
955 3047 1078 3099 autem
1106 3039 1240 3115 inpen-

265 3119 334 3191 dit,
358 3118 418 3191 qut
441 3120 603 3192 gratiam
627 3122 702 3181 sibi
722 3122 858 3194 refert,
878 3140 939 3182 non
954 3124 1051 3197 magis
1065 3139 1156 3198 quam
1169 3138 1239 3183 con-

265 3202 414 3276 sequitur,
438 3202 490 3278 qui
504 3203 685 3265 beneficium
700 3222 719 3265 a
733 3222 768 3265 se
782 3207 910 3279 accepit.
933 3207 1115 3267 beneficium
1130 3215 1160 3267 et
1174 3221 1240 3280 gru·

263 3285 323 3345 tiae
337 3287 442 3347 relatio
456 3289 534 3347 uttrc
547 3289 684 3362 citroque
695 3290 740 3348 ire
752 3289 872 3348 debent.
895 3288 972 3350 intra
985 3308 1077 3351 unum
1088 3290 1240 3350 hominem

265 3385 326 3428 nnn
346 3377 393 3430 est
414 3370 610 3430 vicissitudo:
634 3374 684 3447 qui
700 3372 826 3447 gratiam
840 3374 947 3445 refert,
970 3372 1099 3433 invicem
1116 3374 1242 3448 prodest

265 3452 308 3524 ei,
333 3468 351 3511 a
372 3469 433 3526 quo
450 3462 635 3515 consecutus
651 3465 698 3517 est
713 3456 843 3530 aliquid:
868 3457 920 3531 qui
936 3456 994 3515 sibi
1008 3456 1136 3531 gratiam
1151 3456 1242 3514 refert

265 3535 313 3593 cui
334 3537 481 3609 prodest?
507 3536 575 3596 sibi.
604 3546 633 3597 et
654 3540 722 3613 quis
746 3555 808 3598 non
824 3541 882 3599 atio
899 3541 966 3599 loco
982 3541 1160 3600 retationem
1175 3553 1240 3611 gra·

263 3617 339 3688 tiae,
371 3619 429 3678 alio
455 3619 634 3678 beneficium
660 3623 796 3697 cogitata
830 3624 882 3697 qui
907 3623 1033 3697 gratiam
1057 3624 1152 3684 refert
1176 3620 1241 3695 sibi,

264 3697 340 3777 [sihi]
353 3703 492 3774 pradest=
516 3710 547 3763 et
559 3704 627 3778 quis
639 3720 783 3781 umquam
794 3706 929 3781 ingratus
941 3707 1001 3768 hoc
1012 3707 1241 3768 noluitiacerct
