2942 4384
263 450 306 513 92
551 448 585 509 L.
606 448 753 509 ΑΝΝΑΕΙ
775 448 951 511 SENECAE

265 620 354 681 quam
376 602 507 663 animum
528 619 616 661 suurn
638 601 792 662 continere
812 609 843 662 et
867 601 988 661 tradere
1013 599 1082 661 sibi.
1126 601 1238 677 Platon,

263 689 373 764 inquit,
396 687 458 761 agit
478 686 597 746 Socrati
618 685 746 759 gratiaS,
770 685 854 759 quod
876 685 913 744 ab
934 684 985 744 illo
1001 685 1124 745 didicit:
1148 701 1239 761 quare

264 771 406 832 Socrates
424 770 481 829 sibi
497 785 557 828 non
573 776 656 842 agat,
675 768 759 843 quod
775 768 843 841 ipse
855 784 890 827 se
902 768 1027 827 docuit?
1047 768 1087 827 Μ.
1099 769 1173 829 Cato
1186 769 1239 829 ait:

263 856 362 930 „qaod
377 854 430 913 tr'br'
447 854 554 925 deerit,
579 869 599 911 o
616 858 643 911 te
660 854 724 926 ipso
739 856 904 911 mutuorc.“
932 867 1028 925 quare
1040 851 1160 912 donare
1170 849 1239 912 mibi

234 950 323 1007 finon
340 951 481 1010 possum,
504 936 529 994 si
547 936 740 994 commodare
756 940 904 1008 possuml
925 934 1164 995 Innumerabilia
1173 941 1240 995 sunl

263 1022 293 1081 in
310 1019 422 1095 quibus
438 1018 628 1077 consuetudo
647 1033 704 1076 nos
721 1018 840 1076 dividit:
864 1017 966 1076 dicere
989 1018 1145 1078 sciemus:
1170 1022 1239 1091 sine,

263 1108 369 1178 loquor
388 1119 498 1161 mecam
513 1109 543 1161 et
556 1117 610 1175 eoo
626 1103 700 1160 milri
711 1118 814 1160 aorem
826 1104 997 1175 porcellum.
1026 1117 1108 1175 quae
1125 1101 1153 1161 si
1170 1117 1240 1161 vera

264 1192 349 1259 sunt,
372 1184 626 1259 quemadmodum
642 1184 753 1258 aliquis
767 1185 825 1243 sibi
841 1182 931 1248 irasci
946 1184 1052 1257 debet,
1075 1183 1123 1243 sic
1134 1192 1239 1258 etgra-

264 1270 321 1329 tias
342 1283 441 1342 agere.
474 1269 629 1342 quomodo
646 1268 807 1341 obiurgare
824 1283 874 1340 se,
896 1266 941 1325 sio
956 1274 986 1326 et
1001 1267 1140 1328 laudare.
1166 1283 1238 1342 quo

264 1353 355 1412 modo
370 1352 480 1412 damno
497 1352 553 1412 sibl
570 1367 657 1424 esse,
675 1350 720 1410 sic
734 1358 764 1410 et
778 1353 862 1410 lucro
878 1354 988 1424 potest.
1023 1350 1139 1410 Iniuria
1150 1350 1238 1411 etbe-

264 1436 405 1496 nellcium
429 1436 579 1495 contraria
599 1442 677 1494 sunt.
711 1434 736 1493 si
758 1434 797 1492 de
812 1435 915 1508 aliquo
931 1432 1077 1494 dicimus:
1101 1437 1239 1495 inicium

263 1522 320 1581 sibi
331 1520 419 1592 fecit,
442 1518 606 1592 poterimus
623 1519 725 1577 dicere
742 1524 771 1576 et
787 1518 956 1590 beneficium
969 1518 1026 1577 sibi
1040 1518 1155 1578 dedit.“

237 1616 252 1668 1
321 1602 400 1661 Vlll.
424 1601 547 1673 [Natura
560 1602 615 1659 sibi
630 1600 732 1672 dedit]
761 1601 873 1661 Natura
889 1600 972 1674 prius
984 1607 1047 1675 est,
1062 1608 1096 1660 ut
1108 1599 1179 1676 quis
1191 1601 1238 1661 de
1255 1635 1258 1642 ,

264 1686 348 1757 beat,
365 1683 475 1743 deinde
491 1690 522 1742 ut
536 1685 661 1756 gratiam
676 1684 795 1743 referat.
824 1684 942 1743 debitor
957 1700 1017 1743 non
1033 1691 1084 1744 est
1096 1685 1166 1744 sine
1177 1699 1238 1745 cre-

266 1769 378 1838 ditore,
401 1783 460 1825 non
480 1766 575 1840 magis
595 1783 684 1841 qnam
702 1769 826 1827 maritus
843 1767 910 1826 sine
926 1782 1022 1827 uxore
1032 1775 1085 1827 aut
1100 1769 1170 1827 sine
1181 1767 1238 1827 lilio

266 1859 361 1925 paler.
382 1848 502 1923 Aliquis
512 1850 586 1908 dare
600 1850 699 1924 debet,
712 1858 746 1910 ut
758 1851 868 1925 aliquis
880 1850 1017 1923 accipiat
1039 1851 1238 1912 nonestdare

266 1948 322 1993 nec
342 1933 483 2007 accipere
505 1932 534 1990 in
556 1932 711 1992 dexteram
732 1950 853 1993 manum
872 1934 910 1991 de
927 1933 1237 1995 sinisti-:transferre
1271 1993 1273 2012 ἰ

237 2028 254 2082 a
266 2016 424 2091 Quomodo
437 2032 525 2075 nemo
538 2032 572 2075 se
585 2024 692 2091 portat,
708 2018 847 2091 quamvis
858 2031 972 2091 corpus
982 2032 1071 2076 suum
1082 2022 1238 2078 moveatet
1270 2017 1272 2096 l

265 2101 436 2161 transierat.
467 2101 622 2175 quomodo
637 2115 743 2171 nemo,
766 2100 907 2175 quamvis
923 2116 978 2174 pro
994 2116 1029 2160 se
1045 2101 1172 2175 dixerit,
1190 2099 1236 2159 ad·
1271 2101 1273 2146 t

266 2186 363 2244 sulsse
382 2183 440 2242 sibi
457 2183 566 2242 dicitur
581 2200 637 2242 nec
652 2190 782 2243 statuam
795 2183 853 2243 sibi
869 2190 1023 2257 tamquam
1039 2190 1173 2259 patrono
1185 2197 1237 2243 suo

265 2268 361 2341 ponit.
383 2266 537 2339 quomodo
548 2266 597 2337 [si]
606 2281 705 2340 aeger,
719 2282 787 2327 cum
800 2283 872 2327 cura
884 2284 941 2326 sua
952 2267 1116 2341 convaluit,
1128 2281 1236 2327 merce-

267 2348 334 2407 dem
347 2364 364 2406 a
376 2363 411 2406 se
424 2362 482 2406 non
496 2348 602 2421 exigit:
618 2349 704 2408 sicin
717 2350 796 2408 omni
810 2351 940 2424 negotio,
954 2348 1236 2425 etiamnumaliquid

266 2432 417 2505 prodesse
437 2431 494 2490 sibi
515 2432 633 2504 lecerit,
655 2449 714 2491 non
734 2441 833 2493 tamen
850 2434 972 2494 debebit
982 2436 1099 2494 reterre
1117 2434 1236 2509 gratiam

237 2513 339 2587 asibi,
359 2514 500 2588 quianon
513 2514 651 2586 babebit,
667 2516 714 2574 cui
729 2518 851 2577 reserat.
881 2518 921 2577 Ut
931 2517 1099 2576 concedam
1111 2518 1237 2593 aliquem

266 2599 339 2657 dare
355 2597 413 2658 sibi
434 2596 630 2657 beneficium:
656 2599 727 2658 dum
743 2600 809 2672 dat,
832 2608 862 2660 et
879 2601 996 2674 recipit.
1022 2606 1057 2659 ul
1073 2601 1236 2661 concedam
1270 2629 1272 2668 t

265 2682 396 2756 aliquem
418 2698 436 2740 a
457 2698 491 2742 se
509 2682 649 2758 accipere
664 2682 861 2756 beneficium,
885 2684 954 2742 dum
974 2684 1101 2759 accipit,
1127 2683 1236 2743 reddit:
1271 2697 1272 2758 3

266 2765 361 2839 domi,
377 2765 460 2838 quod
473 2765 569 2837 aiunt,
584 2782 711 2825 versura
724 2766 795 2825 irtel
806 2769 890 2826 velut
900 2766 1048 2827 lusorium
1059 2782 1171 2827 nomen
1182 2773 1237 2826 sta·
1271 2767 1273 2848 ᾗ

266 2848 316 2905 tim
338 2848 463 2905 transit:
485 2864 587 2921 neque
608 2847 688 2907 eninr
702 2849 780 2909 alius
797 2850 848 2909 dal
862 2867 953 2924 quam
970 2848 1022 2924 qui
1037 2849 1165 2925 accipit,
1186 2848 1237 2909 scd

267 2945 344 2987 rinus
361 2937 452 3003 atquc
467 2930 556 2988 idem.
592 2930 659 2989 Hoc
680 2932 806 2993 verbum
827 2934 968 2993 debere
988 2948 1050 2991 non
1070 2932 1165 2993 habet
1184 2931 1238 2991 nisi

267 3011 343 3070 inter
358 3012 436 3071 duos
453 3016 567 3075 locum:
590 3016 744 3088 quomodo
760 3033 834 3091 ergo
849 3018 878 3076 in
894 3033 954 3075 uno
966 3015 1122 3089 consistit,
1139 3015 1239 3091 quise

238 3095 429 3169 lobligando
445 3096 571 3156 liberat?
597 3098 636 3157 Ut
650 3098 767 3159 inorbo
782 3116 817 3158 oc
831 3102 890 3174 pila
902 3100 973 3159 nibil
987 3100 1078 3159 imum
1091 3107 1154 3172 est,
1170 3098 1239 3160 nibil

266 3196 431 3253 summum,
451 3180 524 3239 nibil
540 3189 721 3255 extremum,
740 3183 812 3242 nibil
825 3183 969 3257 primum,
987 3184 1058 3258 quia
1069 3191 1155 3244 motu
1166 3183 1239 3243 ordo

265 3271 397 3324 mutatur
416 3271 446 3323 et
463 3280 542 3339 quae
557 3265 764 3339 sequebantur
781 3268 967 3339 praecedunt
983 3273 1108 3341 etqua:
1122 3266 1238 3326 occide·

265 3345 339 3406 bant
353 3347 498 3421 oriuntur,
515 3350 616 3409 omnia
628 3350 916 3424 quomodocumque
931 3351 1034 3421 ierint,
1051 3349 1081 3409 in
1100 3351 1181 3411 idem
1196 3365 1239 3407 re·

266 3437 435 3499 vertuntur,
457 3432 497 3490 ita
508 3430 537 3488 in
550 3431 672 3491 bomine
684 3434 824 3492 existima
835 3434 910 3492 lieri.
934 3451 1001 3493 cum
1013 3433 1098 3495 illum
1110 3436 1140 3494 in
1152 3433 1240 3492 mutu

266 3512 445 3587 mutaveris,
464 3529 543 3572 unus
558 3522 614 3573 est.
638 3516 753 3577 Cecidit
767 3533 817 3577 se:
835 3518 1008 3577 iniuriarum
1019 3533 1088 3577 cum
1101 3534 1162 3593 quo
1175 3517 1240 3591 agat

268 3610 328 3654 non
348 3596 448 3659 babet.
472 3596 615 3669 adligavit
634 3605 662 3657 et
680 3600 784 3659 clusit:
806 3600 845 3657 de
856 3600 886 3658 vi
899 3616 958 3659 non
972 3607 1102 3661 tenetur.
1128 3598 1238 3661 benell·

242 3678 350 3739 scium
368 3680 427 3741 sibi
445 3680 544 3741 dedit:
568 3682 707 3756 protinus
726 3683 808 3743 danti
827 3682 969 3747 reddidit.
1005 3685 1118 3746 Rerum
1137 3691 1239 3745 uatum
