2942 4384
316 450 378 520 172
608 452 641 511 L.
663 450 810 511 ANNAEI
833 449 1007 512 SENECAE
1059 478 1062 485 ·

315 604 384 682 ipso
400 604 467 666 sole
481 602 577 664 molor
591 602 764 677 cuparum
797 601 871 675 Quia
891 610 939 662 cst
954 601 1081 662 alieuius
1097 602 1216 675 speculi
1233 618 1285 662 na·

315 698 383 749 tura
403 689 486 760 ιειίε,
508 696 542 747 ιιι
561 688 676 746 maiora
695 688 787 746 multo
809 701 899 761 quam
919 685 1023 744 videat
1042 687 1185 744 ostendat
1205 694 1236 746 ει
1257 686 1286 745 in

318 779 526 848 portentosum
544 776 654 843 augeat
674 771 803 840 lormas,
831 768 958 827 alicuius
983 768 1053 827 talis
1078 767 1224 841 invicem,
1255 777 1288 829 ιιι

288 857 437 916 3ιῐιὶιιιιει.
475 854 572 927 „lllud
587 854 635 911 dic
650 852 737 925 milri,
760 867 854 925 quare
870 850 900 909 in
916 852 1020 910 orbem
1036 858 1085 909 eat
1100 851 1211 923 iacies,
1228 852 1287 911 nisi

317 938 382 998 orbi
397 938 554 997 redditur?
575 937 660 995 dices
674 936 754 993 enim
769 938 915 1008 fortasse,
932 935 1014 993 unde
1028 935 1067 993 sit
1081 932 1122 992 illi
1136 936 1223 994 color
1235 952 1286 995 va·

315 1021 393 1081 rius:
416 1021 497 1079 unde
511 1019 609 1091 ligura
624 1020 691 1078 talis
708 1020 759 1091 sit,
782 1034 842 1076 non
859 1018 958 1089 dices,
974 1015 1030 1075 nisi
1046 1018 1172 1091 aliquod
1183 1033 1286 1077 exem-

318 1106 391 1178 plar,
409 1104 447 1161 ad
462 1103 543 1176 quod
561 1103 713 1174 lormetur,
729 1101 910 1161 ostenderis
933 1100 1046 1158 nullum
1061 1108 1162 1158 autem
1179 1101 1284 1173 [aliud]

317 1202 408 1259 quam
429 1186 503 1245 solis
523 1193 584 1255 est,
608 1202 626 1243 o
648 1201 709 1259 quo
731 1200 800 1243 cum
820 1191 851 1242 tu
867 1198 990 1257 quoque
1006 1182 1128 1241 sulcaris
1143 1183 1186 1241 illi
1201 1186 1286 1244 colo·

315 1286 378 1327 rem
395 1270 473 1339 dari,
498 1268 641 1342 sequitur,
663 1277 695 1329 ιιι
709 1276 739 1326 ει
753 1268 841 1327 delur
854 1268 959 1325 forma.
992 1265 1130 1367 Denique
1145 1267 1224 1324 inter
1240 1282 1287 1326 me

317 1360 407 1427 teque
429 1354 570 1411 convenit
589 1353 708 1410 colores
728 1351 811 1422 illos,
834 1348 944 1424 quibus
962 1350 1046 1422 regio
1063 1350 1140 1409 coeli
1155 1350 1284 1427 [delpin

316 1436 403 1509 gitur,
422 1451 441 1494 a
456 1436 522 1494 sole
537 1450 623 1493 esse:
644 1434 717 1495 illud
732 1450 826 1493 unum
840 1431 918 1491 inter
933 1449 989 1492 nos
1006 1449 1065 1493 non
1081 1433 1238 1492 convenitz
1253 1442 1286 1493 ιιι

316 1519 394 1577 dicis
416 1518 498 1576 illum
519 1518 652 1577 colorem
674 1533 759 1589 esse,
782 1532 839 1589 ego
857 1516 961 1576 videri.
986 1516 1037 1589 qui
1053 1515 1118 1574 sive
1133 1522 1194 1587 εει,
1221 1516 1286 1592 sire

316 1602 449 1671 videtur,
476 1615 494 1657 a
516 1601 582 1659 sole
602 1606 664 1658 est:
693 1607 725 1659 ιιι
746 1615 805 1656 non
827 1597 990 1673 expedies,
1020 1613 1115 1671 otiare
1136 1599 1223 1657 color
1238 1600 1288 1657 ille

318 1683 416 1743 subito
439 1683 571 1753 desinat,
594 1697 662 1740 cum
685 1698 791 1742 omnes
812 1683 947 1754 fulgores
963 1682 1104 1755 paulatim
1120 1680 1286 1741 discutian-

287 1769 395 1830 4tur.“
435 1764 492 1824 Pro
515 1780 563 1823 me
585 1771 632 1822 est
651 1771 681 1823 ει
700 1763 858 1838 repentina
872 1766 938 1823 eius
954 1764 1048 1823 lacies
1063 1771 1093 1822 et
1106 1766 1286 1837 repentinus

316 1848 461 1908 interitus.
486 1847 640 1921 proprium
655 1846 732 1906 enim
749 1848 808 1907 hoc
824 1847 941 1921 speculi
956 1854 1017 1919 est,
1040 1847 1068 1905 in
1083 1864 1144 1920 quo
1157 1863 1219 1906 non
1232 1863 1287 1922 per

315 1938 419 2006 parles
431 1930 569 2002 struitur,
586 1932 668 2005 quod
681 1931 822 2005 adparet,
838 1930 894 1988 sed
905 1930 1004 1989 statim
1017 1936 1111 1989 tolum
1122 1930 1166 1989 fit.
1187 1946 1287 2004 aeque

317 2015 376 2074 cito
397 2014 494 2085 omnis
515 2014 614 2087 imago
636 2013 774 2074 aboletur
796 2015 826 2071 in
847 2013 913 2085 illo,
936 2028 1025 2087 quam
1051 2014 1181 2086 ponitur.
1214 2014 1286 2073 nihil

317 2098 396 2156 enim
416 2097 498 2156 aliud
520 2098 559 2155 od
579 2098 638 2157 isto
662 2097 824 2157 efficiendo
851 2096 900 2154 vel
923 2095 1110 2155 removenda
1134 2112 1215 2171 opus
1240 2104 1287 2155 est

318 2196 410 2254 quam
430 2180 551 2239 ostendi
572 2187 601 2239 ει
621 2179 741 2239 abduci.
781 2181 847 2238 Non
868 2185 915 2238 εει
937 2180 1059 2253 propria
1080 2178 1109 2237 in
1130 2179 1190 2257 ista
1205 2180 1286 2240 nube

317 2262 486 2323 substantia
501 2277 557 2321 nco
572 2279 685 2336 corpus
700 2270 763 2335 εει,
785 2263 840 2321 sed
858 2262 1063 2335 mendacium,
1080 2264 1191 2321 sinere
1204 2260 1284 2321 simi-

317 2346 421 2405 litudo.
455 2345 510 2403 Vis
526 2346 605 2404 scire
619 2346 678 2405 hoc
692 2347 732 2403 ito
748 2352 839 2405 εεεει
861 2346 980 2405 desinet
995 2361 1100 2416 arcuS,
1119 2346 1146 2405 si
1161 2345 1284 2405 obtexe-

317 2426 359 2487 ris
377 2430 482 2486 solem.
518 2427 659 2502 Oppone,
681 2430 817 2504 inquam,
835 2429 893 2489 soli
909 2431 1031 2488 alteram
1046 2428 1173 2487 nubem:
1194 2428 1285 2488 huius

288 2511 446 2580 5varietos
467 2511 607 2570 interibit.
643 2513 703 2584 „At
722 2513 819 2571 maior
839 2513 994 2586 aliquanto
1017 2519 1064 2571 est
1083 2527 1174 2571 arcus
1195 2528 1286 2587 quam

237 2647 240 2651 ε
318 2594 395 2653 εοι.“
429 2595 498 2656 Dixi
516 2594 608 2653 modo
628 2595 694 2653 lieri
716 2597 857 2670 specula,
884 2612 962 2668 quae
983 2595 1181 2668 multiplicent
1196 2610 1285 2656 omne

317 2692 444 2751 corpus,
462 2679 544 2752 quod
557 2676 715 2737 imitantur.
751 2679 828 2738 lllud
840 2678 982 2751 adiciam,
997 2679 1097 2736 omnia
1109 2694 1164 2752 per
1174 2694 1284 2752 aquam

318 2760 489 2820 videntibus
504 2761 593 2835 longe
608 2777 678 2820 esse
694 2761 823 2820 minora:
845 2762 950 2820 literae
963 2762 1100 2835 quamvis
1112 2760 1248 2821 minutae
1258 2769 1286 2821 et

317 2841 468 2902 obscurae
483 2858 538 2916 per
552 2844 675 2903 vitream
695 2845 785 2917 pilam
802 2860 882 2918 aqua
898 2845 1017 2919 plenam
1031 2845 1163 2904 maiores
1179 2846 1283 2904 olario-

317 2939 428 2997 resque
444 2932 614 2985 cernuntur.
645 2943 735 2999 poma
750 2928 932 3010 formosiore
947 2943 1036 3001 quom
1052 2934 1122 2986 suut
1137 2926 1284 2997 videnlur,

317 3007 342 3065 si
365 3007 499 3066 innatant
514 3009 601 3068 vitro.
631 3009 733 3068 sidera
747 3012 894 3084 ampliora
911 3027 965 3084 per
980 3011 1088 3069 nubem
1105 3010 1285 3084 adspicienti

316 3090 465 3162 videntur,
490 3091 561 3165 quia
580 3092 662 3151 acies
678 3095 827 3152 nostruin
843 3093 966 3153 lmmido
981 3094 1090 3152 labitur
1106 3109 1162 3152 nec
1177 3094 1284 3168 'adpre-

287 3217 292 3242 .
316 3173 465 3247 hendere,
486 3176 570 3249 quod
591 3178 668 3247 vult,
690 3172 819 3248 fideliter
841 3183 950 3250 potest.
986 3178 1070 3251 quod
1094 3177 1284 3235 manifestum

316 3257 382 3328 fiet,
405 3258 430 3315 si
453 3260 594 3331 poculum
610 3259 773 3332 inpleveris
794 3275 875 3333 aqua
890 3267 919 3318 ει
939 3260 967 3318 in
983 3260 1014 3318 id
1028 3259 1198 3319 conieceris
1213 3276 1284 3318 anu·

316 3338 387 3397 lum.
415 3357 484 3398 nam
504 3342 621 3401 cumin
644 3341 712 3414 ipso
735 3343 829 3401 lundo
850 3341 948 3401 iaceat
965 3342 1090 3415 anulus,
1110 3340 1206 3401 facies
1221 3344 1285 3401 eius

288 3430 305 3484 6
317 3422 346 3480 ln
359 3437 476 3482 summa
490 3439 569 3497 aqua
581 3425 724 3485 redditur.
762 3424 910 3499 Quicquid
922 3425 1042 3484 videtur
1054 3440 1107 3499 per
1117 3424 1284 3496 humorem,

317 3505 408 3579 longe
424 3507 552 3579 amplius
567 3522 641 3567 vero
657 3513 717 3566 est:
741 3508 813 3582 quid
829 3508 935 3566 mirum
951 3509 1093 3567 maiorem
1107 3508 1197 3568 reddi
1214 3509 1286 3566 ima—

318 3585 418 3659 ginem
439 3589 529 3661 solis,
550 3604 630 3663 quae
649 3590 679 3647 in
699 3590 780 3649 nube
795 3590 918 3650 humido
932 3589 1051 3662 visitur,-
1074 3606 1142 3651 cum
1157 3606 1198 3649 ex
1212 3590 1287 3649 dua·

318 3667 376 3729 bus
397 3672 499 3732 causis
520 3672 581 3757 hoc
601 3672 735 3733 accidut=
761 3674 833 3748 quia
853 3672 882 3731 :'n
904 3674 985 3735 nube
1006 3682 1054 3734 εει
1074 3673 1188 3749 aliquid
1210 3672 1287 3733 vitro
