2942 4384
377 446 518 507 norun.
534 444 696 525 oumsr.
719 445 839 532 man.
862 454 993 508 ,νη-34.
1111 444 1176 511 loe

199 606 246 659 cst
268 614 361 673 porro
381 597 479 670 aliud,
503 596 586 671 quod
601 610 734 655 errorem
749 595 912 655 maximum
928 595 1052 656 incutiat
1069 598 1174 671 peritis

198 681 359 754 natalium,
386 697 477 755 quam
498 679 715 755 quod'paueIs
741 694 799 738 nos
824 677 977 738 sideribus
1003 680 1173 755 adsignant,

198 782 267 825 curn
284 764 401 836 onmia,
423 778 503 838 quae
518 778 612 837 supra
627 779 685 821 oos
700 769 784 835 sunt,
802 770 918 836 partem
930 760 1027 821 nostri
1039 761 1097 821 sibi
1110 762 1174 822 vin-

198 848 327 907 dIcenlf
355 846 556 907 submissiora
577 846 703 906 forsitan
725 845 854 919 propius
875 845 904 903 in
927 861 985 903 nos
1005 845 1064 903 vim
1087 862 1174 906 suam

198 930 333 1005 dirigunt
346 936 377 989 et
391 946 442 1001 ea,
467 944 546 1003 quae
561 929 748 1003 frequentius
764 935 847 988 mota
860 927 945 987 aliter
957 944 1014 987 nos
1026 930 1175 1001 aliterque

197 1012 402 1089 prospiciunt.
435 1019 567 1071 ceterum
589 1018 618 1071 el
638 1011 703 1084 illa,
733 1019 884 1085 quaeant
905 1012 1018 1069 inmota
1039 1020 1109 1070 sunt
1123 1018 1203 1073 aut8

197 1104 326 1171 propter
339 1093 529 1155 velocitatem
543 1095 688 1154 universo
710 1110 814 1168 parem
829 1094 950 1154 inmotis
967 1094 1089 1167 similia,
1113 1111 1175 1155 non

197 1181 286 1239 extra
305 1179 354 1239 ius
375 1178 602 1251 dominiumque
619 1176 715 1238 nostri
732 1184 812 1237 sunt.
833 1176 931 1236 Altius
945 1178 1071 1251 adspice
1086 1185 1116 1237 et
1130 1178 1174 1238 di-

198 1262 338 1323 stributis
360 1278 423 1321 rem
444 1261 554 1321 officiis
576 1267 681 1320 tracta.
709 1277 771 1319 non
792 1260 888 1332 magis
910 1267 1009 1319 aulem
1025 1260 1113 1319 facile
1128 1270 1176 1323 est

197 1347 297 1417 scire,
322 1344 396 1419 quid
411 1344 546 1419 possim,
570 1360 660 1418 quam
675 1342 805 1403 dubitari
820 1343 924 1414 debet,
948 1360 985 1402 an
1004 1343 1131 1416 possim.

262 1428 394 1487 XXXIII.
423 1428 526 1487 Nunc
549 1428 594 1486 ad
615 1426 775 1486 fulmina
796 1433 1051 1497 revertamur,
1079 1442 1173 1499 quo·
1230 1467 1232 1472 ,

197 1527 277 1570 rum
300 1527 362 1571 ars
384 1512 420 1570 in
439 1511 533 1573 haec
550 1511 624 1570 tria
640 1509 844 1569 dividitur:
860 1508 1175 1582 quemadmodum

199 1596 470 1670 exploremus,
507 1592 823 1668 quemadmodum
857 1592 1174 1665 interpretemur,

200 1678 517 1751 quemadmodum
545 1691 759 1736 exoremus.
798 1675 897 1735 Prima
919 1691 990 1749 pars
1006 1676 1045 1733 ad
1063 1676 1176 1735 formu-

198 1761 260 1819 lam
283 1762 426 1835 pertinet,
450 1760 588 1820 secunda
608 1760 648 1818 ad
663 1758 893 1829 diuinationem,
914 1759 1002 1819 tertia
1016 1758 1056 1817 ad
1071 1760 1177 1833 propi·

198 1844 323 1904 tiandos
345 1844 436 1918 deos,
460 1861 538 1918 quos
558 1844 640 1902 bono
662 1843 787 1902 fulmine
805 1858 915 1915 rogare
937 1850 1071 1915 oportet,
1094 1845 1174 1903 malo

200 1926 376 2001 deprecari=
402 1942 528 2001 rogare,
555 1935 587 1987 ut
606 1924 913 2002 promIssafirment,
942 1926 1115 1999 deprecari,
1144 1933 1176 1985 ut

198 2010 352 2069 remittant
365 2009 473 2070 minas.

263 2093 397 2152 mlv.
426 2092 580 2153 Summam
601 2106 672 2151 esse
692 2090 752 2150 vim
775 2089 907 2150 fulminis
931 2088 1081 2162 iudicant,
1105 2090 1204 2165 quial

201 2176 347 2250 quicquid
361 2176 419 2235 alia
431 2177 630 2251 portendunt,
642 2176 831 2234 Interventus
845 2172 976 2232 fulminis
988 2172 1077 2244 tollit,
1092 2174 1176 2247 quic-

202 2259 276 2333 quid
297 2259 336 2317 ab
358 2259 416 2319 lroc
438 2259 642 2334 portenditur,
663 2258 758 2317 lixum
778 2264 826 2317 est
845 2272 902 2316 nec
922 2257 1047 2316 alterius
1065 2257 1176 2317 ostenti

180 2340 424 2428 xsignificatione
443 2347 583 2401 mutatur.
629 2340 781 2415 Quicquid
808 2346 897 2415 exta,
931 2339 1077 2415 quicquid
1102 2356 1176 2400 aves

201 2425 368 2496 minantur,
390 2426 527 2485 secundo
542 2424 666 2484 fulmine
680 2423 859 2484 abolebitur.
889 2424 1033 2497 quicquid
1053 2424 1177 2483 fulmine

201 2507 411 2568 denuntiatum
432 2516 494 2581 est,
523 2524 581 2567 nec
601 2508 679 2567 extis
699 2523 757 2566 neo
776 2524 834 2566 ave
855 2505 1006 2567 contraria
1022 2506 1176 2565 refellitur,

200 2592 236 2651 In
253 2606 315 2665 quo
330 2592 401 2651 mihi
415 2592 475 2650 falli
491 2592 640 2663 videntur.
669 2597 786 2665 quare?
811 2591 881 2665 quio
898 2606 970 2649 vero
986 2590 1088 2649 verius
1104 2590 1205 2651 nihili

200 2682 258 2735 est
295 2674 328 2732 Si
343 2690 417 2734 aves
432 2675 532 2735 futura
546 2675 735 2745 depluerunt,
751 2688 808 2732 neo
819 2681 921 2748 potest
934 2673 993 2733 hoe
1005 2671 1176 2746 auspicium

201 2757 327 2817 fulmIne
341 2757 460 2817 inritum
475 2757 540 2817 lieri
555 2765 679 2817 autnon
693 2757 794 2817 futura
805 2758 988 2816 cecinerunt·
1023 2754 1177 2815 nonenim

201 2855 284 2900 nune
299 2856 386 2899 avem
402 2857 537 2916 conparo
554 2848 584 2900 cl
599 2841 727 2913 fulmen,
750 2840 808 2899 sed
822 2841 883 2900 duo
898 2841 962 2898 veri
977 2837 1080 2913 signa,
1098 2853 1177 2910 quae

200 2924 228 2984 si
244 2939 350 2982 verum
366 2922 551 2998 significant,
575 2923 660 2999 paria
675 2931 755 2985 sunl.
784 2924 887 2998 itaque
901 2940 970 2983 curn
985 2922 1117 2982 fulminis
1132 2921 1176 2982 in·

200 3015 359 3068 terventus
375 3008 536 3067 submovet
551 3014 689 3068 extorum
707 3009 754 3067 vel
767 3006 884 3082 augurii
896 3007 1022 3077 indicia,
1042 3008 1121 3065 male
1132 3007 1176 3065 in·

201 3097 311 3165 specta
325 3099 409 3163 exta,
427 3092 506 3151 mole
520 3099 642 3151 servata
657 3091 782 3164 auguria
797 3098 877 3150 sunt.
899 3107 960 3150 non
979 3092 1059 3148 enirn
1074 3092 1176 3162 refert,

199 3174 299 3234 utrIus
319 3173 362 3232 rei
380 3168 502 3249 species
518 3175 615 3233 maior
629 3173 668 3233 sit
682 3174 729 3233 vel
747 3180 853 3234 natura
869 3174 1033 3246 potentior=
1055 3173 1081 3229 si
1097 3180 1176 3231 utra-

200 3271 264 3331 que
281 3271 333 3315 res
347 3258 411 3316 veri
426 3258 533 3318 adtulit
548 3258 651 3331 signa,
675 3263 819 3330 quantum
835 3257 873 3314 ad
888 3254 961 3327 hoo,
983 3271 1040 3329 par
1051 3262 1108 3313 cst.
1145 3254 1206 3320 Sia

200 3340 289 3399 dicas
311 3338 452 3400 flammae
472 3341 617 3401 maiorem
637 3338 697 3399 vim
713 3354 784 3399 esse
800 3354 889 3413 quarn
909 3337 995 3409 fumi,
1020 3353 1080 3397 non
1095 3353 1177 3396 men-

198 3423 304 3483 lieris:
327 3425 383 3483 sed
399 3425 437 3483 ad
454 3424 648 3483 indicandum
661 3424 761 3497 ignem
776 3421 856 3482 idem
868 3424 949 3485 valet
959 3420 1082 3480 flamma
1094 3422 1178 3493 quod

198 3507 314 3566 fumus.
343 3506 445 3581 itaque
460 3508 485 3566 si
500 3507 560 3567 hoo
576 3508 693 3567 dicunt:
723 3506 888 3581 „quotiens
902 3513 973 3565 exta
988 3504 1068 3563 aliud
1085 3503 1178 3576 signi-

199 3589 353 3662 ficabunt,
376 3591 458 3649 aliud
477 3590 617 3663 fulmina,
640 3590 796 3650 fulmInum
813 3589 869 3649 erit
883 3589 1047 3648 auctoritas
1062 3586 1178 3647 maior“

200 3673 338 3734 fortasse
356 3672 556 3734 consentiam.
587 3674 614 3735 si
634 3674 693 3736 hoo
714 3674 836 3736 dicunt:
865 3672 972 3748 [quod]
993 3672 1109 3746 „altera
1127 3686 1179 3733 res
