2942 4384
383 365 978 432 oaoamrrcrrscra.1u.1r-ao.
1131 357 1173 434 tt
1214 324 1225 332 ⁶

196 519 258 580 sub
274 518 392 593 dispari
409 518 492 579 titulo
509 517 595 593 paria
609 519 637 577 in
654 518 722 578 illos
739 519 837 578 licent.
869 518 954 593 atqui
966 520 1038 580 dant
1051 521 1174 595 regibus

197 602 282 676 suis,
305 603 379 661 dant
392 603 627 677 imperatoribus
643 602 808 661 beneficia:
830 618 904 676 ergo
920 611 950 662 et
965 608 1063 677 [seror]
1079 606 1174 667 donii-

197 688 258 747 nis.
292 686 399 747 Potest
413 701 522 745 servus
538 687 635 745 iustus
650 700 738 758 esse,
762 693 862 759 potest
876 688 978 761 tortis,
995 696 1098 762 potest
1111 706 1173 749 ma·
1188 700 1206 752 4

197 771 251 846 gni
266 770 373 829 animi:
394 786 468 844 ergo
490 776 520 827 et
539 769 721 828 beneficium
742 769 816 828 dare
837 778 949 843 potest.
979 788 1047 830 nam
1070 779 1100 831 et
1113 773 1173 833 hoc

197 853 319 913 virtutis
335 859 391 913 est.
427 853 516 913 Adeo
532 854 654 928 quidem
676 852 807 912 dominis
828 853 909 912 servi
930 854 1079 915 beneficia
1101 871 1173 930 pos·

200 944 276 998 sunt
287 938 376 1008 dare,
395 942 428 996 ut
442 934 529 1009 ipsos
545 951 640 1010 saepe
654 936 795 995 beneficii
810 936 858 995 sui
874 938 1007 997 fecerint.

261 1020 340 1079 XlX.
361 1020 427 1079 Non
445 1026 492 1079 est
512 1019 651 1090 dubium,
676 1020 749 1093 quin
764 1036 873 1079 servus
895 1022 1075 1081 beneficium
1100 1025 1173 1083 dare
1190 1033 1204 1085 l

197 1103 301 1180 possit
315 1103 453 1163 cuilibet:
477 1119 571 1178 quare
594 1119 667 1177 ergo
693 1119 753 1162 non
776 1112 805 1164 et
826 1104 948 1163 domino
975 1122 1032 1165 suo
1054 1108 1174 1180 possit?

197 1186 297 1264 „Quia
312 1204 373 1247 non
391 1193 501 1261 potest,
517 1187 629 1261 inquit,
645 1186 778 1246 creditor
795 1186 909 1246 domini
924 1189 971 1247 sni
983 1189 1063 1259 fieri,
1082 1191 1107 1249 si
1120 1207 1172 1264 pe-

198 1272 322 1331 cuniam
335 1270 376 1329 illi
392 1271 519 1329 dederit.
538 1270 684 1344 Alioquin
700 1270 811 1330 cotidie
825 1270 979 1330 dominum
995 1288 1082 1330 suum
1097 1274 1171 1332 obli·

196 1362 265 1430 gat=
289 1354 533 1429 peregrinantem
549 1355 701 1428 sequitur,
722 1369 816 1426 aegro
832 1353 1017 1414 ministratur
1037 1354 1103 1415 eius
1129 1356 1172 1415 la·

195 1438 276 1500 bore
291 1454 409 1497 summo
426 1439 534 1515 [colit]=
560 1438 660 1497 omnia
680 1445 779 1497 tamen
805 1438 878 1510 ista,
902 1455 982 1514 quae
1001 1438 1060 1497 alio
1085 1455 1171 1512 prae·

198 1529 300 1583 stante
315 1521 465 1580 beneficia
485 1522 671 1594 dicerentur,
694 1527 869 1595 praestante
890 1538 981 1582 servo
1005 1522 1172 1582 ministeria

198 1613 279 1667 sunt.
316 1606 498 1665 beneficium
513 1605 591 1664 enim
610 1604 717 1677 idest,
742 1604 826 1679 quod
842 1605 912 1679 quis
927 1606 1024 1679 dedit,
1047 1622 1114 1666 eum
1131 1607 1172 1666 illi

196 1690 304 1748 liceret
319 1694 349 1747 et
362 1705 421 1748 non
439 1690 521 1747 dare.
551 1704 660 1749 servus
678 1695 850 1747 autemnon
867 1689 959 1748 habet
972 1691 1102 1763 negandi
1116 1707 1171 1765 po·

197 1779 355 1834 testatem:
376 1772 417 1834 ita
436 1789 497 1831 non
519 1778 668 1846 praestat,
691 1773 748 1831 sed
763 1780 863 1846 paret,
886 1789 944 1832 nec
959 1774 990 1831 id
1005 1789 1039 1831 se
1061 1776 1172 1833 iecisse

196 1856 305 1929 iactat,
329 1857 412 1930 quod
427 1872 488 1914 non
505 1857 606 1915 lacere
627 1873 688 1915 non
707 1856 834 1929 potuit.“
871 1856 933 1914 lam
954 1857 1010 1915 sub
1032 1858 1090 1915 ista
1105 1860 1203 1930 lege2

195 1940 319 1998 vincam
338 1947 368 1999 et
389 1956 426 2000 eo
448 1940 614 2013 perducam
639 1955 776 2012 servum,
795 1947 830 1999 ut
851 1939 881 1996 in
903 1940 995 1999 multa
1020 1940 1097 1998 liber
1117 1942 1170 1999 sita

196 2023 318 2083 interim
333 2024 382 2081 dic
398 2024 485 2097 mihi,
508 2024 535 2081 si
551 2024 602 2082 tibi
618 2023 783 2083 ostendero
798 2022 929 2096 aliquem
945 2024 1092 2099 [servum]
1114 2039 1170 2097 pro

196 2108 299 2167 salute
316 2107 430 2165 domini
452 2107 499 2166 sui
521 2106 587 2165 sine
601 2114 745 2181 respectu
766 2107 814 2166 sui
834 2105 1024 2165 dimicantem
1048 2116 1078 2166 ct
1099 2124 1170 2166 con-

196 2192 318 2250 fossum
344 2192 536 2262 volneribus
557 2190 704 2265 reliquias
725 2198 825 2250 tamen
852 2190 1008 2264 sanguinis
1035 2190 1073 2249 ab
1093 2190 1170 2265 ipsis

194 2274 341 2334 vitalibus
358 2274 533 2334 fundentem
549 2282 592 2346 et,
613 2282 646 2334 ut
660 2274 709 2332 ille
730 2273 895 2347 effugiendi
915 2283 1035 2348 tempus
1050 2274 1169 2345 habeat,

195 2373 314 2419 moram
329 2373 387 2417 sna
408 2364 503 2417 morte
526 2365 735 2431 quaerentem:
756 2357 837 2416 hunc
858 2365 888 2416 tu
908 2357 1034 2430 negabis
1056 2358 1169 2417 beneti-

196 2442 277 2502 cium
293 2441 433 2513 dedisse,
451 2442 522 2515 quia
533 2458 642 2501 servus
658 2447 725 2501 est?
743 2440 774 2499 Si
786 2441 839 2500 tibi
851 2441 1015 2501 ostendero
1029 2442 1169 2516 aliquem,
1185 2459 1202 2512 3

195 2532 227 2584 ut
244 2530 366 2585 secreta
381 2526 495 2586 domini
512 2526 634 2599 prodat,
650 2526 732 2584 nulla
743 2524 863 2600 tyranni
876 2523 1092 2597 pollicitatione
1104 2541 1169 2583 cor-

195 2616 336 2684 ruptum,
361 2610 452 2668 nullis
464 2609 597 2669 territum
613 2609 716 2680 minis,
739 2607 829 2665 nullis
852 2606 1035 2665 cruciatibus
1059 2607 1170 2665 victum

197 2694 348 2753 avertisse
366 2699 510 2768 quantum
526 2694 658 2766 potuerit
673 2691 868 2764 suspiciones
887 2690 1062 2763 quaerentis
1083 2697 1112 2749 et
1126 2689 1169 2747 in·

198 2776 348 2851 pendisse
364 2777 502 2851 spiritum
519 2776 606 2835 fidei:
627 2776 708 2835 hunc
724 2783 755 2835 tu
770 2772 897 2848 negabis
918 2773 1100 2833 beneficium
1116 2774 1169 2832 do-

195 2860 278 2921 mino
286 2860 441 2955 dedisse,
466 2858 538 2935 quia
557 2875 666 2919 servus
688 2866 757 2919 esti
790 2859 870 2917 Vide
890 2873 929 2917 ne
955 2873 992 2916 eo
1013 2860 1111 2918 maius
1133 2858 1200 2919 sitt

147 2960 259 3018 quo
273 2960 326 3002 rar
327 2961 374 3003 rus
390 2952 438 3004 est
453 2945 625 3040 exemplum
643 2942 783 3003 virtutis
775 2960 805 3001 m
822 2942 919 3006 servis
941 2957 1041 3035 eoque
1056 2942 1170 3015 gratius

147 3021 295 3122 lquod,
320 3041 389 3087 cum
410 3027 502 3087 lere
493 3026 593 3087 invisa
611 3027 738 3102 imperia
759 3028 820 3086 sint
836 3032 866 3085 et
887 3026 985 3084 omnis
1000 3026 1170 3083 necessitas

147 3087 315 3196 {gravis
339 3127 500 3171 commune
515 3110 669 3171 servitutis
691 3107 823 3171 odium
814 3125 844 3166 m
862 3108 964 3180 aliquo
987 3106 1099 3166 domini
1121 3121 1169 3163 ca-

147 3151 269 3254 ritas
284 3194 366 3254 vicit.
389 3197 433 3255 lta
448 3211 510 3254 non
525 3194 595 3253 ideo
610 3194 791 3253 beneficium
808 3207 868 3249 non
885 3195 946 3262 est,
963 3188 1063 3262 quiaa
1078 3204 1169 3248 servo

203 3278 367 3349 proiectum
384 3286 444 3351 est,
468 3278 524 3338 sed
541 3277 610 3338 ideo
623 3277 737 3350 maius,
755 3275 826 3350 qula
841 3274 995 3334 deterrere
1009 3271 1047 3331 ab
1062 3273 1113 3331 illo
1131 3286 1170 3329 ne

204 3360 331 3421 servitus
348 3363 472 3436 quidem
486 3358 593 3436 potuit.

256 3444 321 3504 XX.
342 3445 445 3519 Errat,
467 3446 493 3505 si
510 3444 579 3520 quis
595 3442 748 3503 existimat
763 3442 937 3502 servitutem
954 3440 984 3499 in
1005 3446 1100 3499 totum
1115 3437 1169 3498 ho—
1188 3444 1197 3494 1

205 3524 309 3587 minem
326 3529 532 3589 descenderes
556 3544 627 3603 pars
649 3527 756 3587 melior
780 3527 846 3585 eius
868 3531 998 3598 excepta
1018 3528 1079 3582 est:
1103 3538 1169 3581 eor·

208 3621 276 3682 pora
297 3611 433 3675 obnoxia
450 3619 521 3673 sunt
540 3621 570 3672 et
590 3611 746 3688 adscripta
767 3610 913 3683 dominis,
935 3623 1021 3667 mens
1047 3606 1169 3690 quidem
