2942 4384
271 443 312 508 aa
558 445 592 504 c.
614 443 760 503 anunm
782 408 955 503 sunnone
997 518 1000 522 ¹

245 597 351 666 sanim
365 597 492 657 aIIcnam
514 612 578 657 rem
595 613 656 656 non
679 596 819 671 accipere
832 596 1023 657 moderatio?
1050 596 1083 657 Si
1098 597 1230 671 exemplo

272 681 372 756 magni
387 682 476 741 anImi
492 697 570 755 opus
588 688 648 750 cst,
663 686 781 739 utamur
796 679 933 739 Graecini
948 680 1028 751 tutti,
1043 680 1100 739 vIri
1117 681 1231 755 egregii,

273 780 363 841 quem
386 765 416 824 C.
436 765 549 823 Caesar
569 764 681 822 occidit
701 763 741 822 ob
762 764 820 821 hoc
834 779 943 835 unum,
966 764 1049 837 quod
1071 765 1179 824 melior
1193 763 1233 823 vir

273 855 336 907 erat
356 864 447 921 quam
468 862 539 906 esse
561 862 743 920 quemquam
758 852 887 921 tyranno
909 846 1042 920 expedit.
1072 847 1098 905 is
1118 861 1186 905 cunr
1200 846 1233 905 ab

272 930 377 990 amicis
393 928 616 989 conterentibus
633 928 672 987 ad
687 929 847 1001 inpensam
863 928 1003 987 ludorum
1024 929 1173 1003 pecunias
1189 945 1234 989 ac·

273 1013 402 1087 ciperet,
425 1028 565 1086 magnam
579 1012 739 1086 pecuniam
754 1011 878 1070 aFabio
893 1010 1017 1070 Persico
1034 1012 1161 1071 missam
1178 1029 1235 1073 non
1279 1033 1280 1038 ¹

272 1096 389 1169 accepit
409 1103 438 1155 et
458 1095 686 1169 obiurgantibus
709 1093 771 1167 his,
796 1096 848 1168 qui
868 1111 929 1154 non
950 1094 1153 1154 aestimabant
1174 1096 1235 1156 mit·
1275 1059 1281 1232 ff

270 1185 385 1251 tentes,
409 1179 464 1237 sed
479 1179 587 1250 missa,
612 1179 695 1251 quod
711 1177 918 1251 repudiasset:
944 1194 1005 1250 epo,
1028 1178 1135 1251 inquii,
1156 1180 1235 1239 obeo

270 1262 439 1334 beneficium
453 1264 612 1335 accipiam,
632 1278 652 1319 o
666 1277 722 1335 prro
736 1264 973 1335 propinationem
989 1268 1167 1336 accepturos
1182 1279 1237 1323 non

196 1348 198 1352 '
238 1342 353 1411 asum?
377 1344 454 1403 ‘Cum
474 1344 515 1403 itti
537 1344 662 1403 Rebilus
685 1344 870 1415 consularis,
895 1344 987 1403 homo
1008 1344 1147 1406 eiusdem
1164 1346 1236 1403 iaia·
1278 1351 1280 1412 t

271 1428 362 1502 miae,
389 1428 532 1488 maiorem
547 1443 694 1485 summam
710 1426 844 1485 misisset
862 1426 1064 1499 instaretque,
1086 1432 1120 1485 ut
1140 1426 1236 1501 accipi
1278 1421 1280 1472 ἶ

271 1510 401 1569 iuberet:
422 1527 508 1584 ropo,
530 1510 641 1583 iuquit,
666 1514 816 1583 ipnosoos,
838 1515 869 1569 oi
884 1527 904 1568 o
917 1512 1037 1570 Persico
1052 1526 1111 1569 non
1126 1513 1236 1587 accepi.
1279 1513 1280 1566 ζ

270 1594 375 1654 Utrum
389 1592 449 1652 hoc
466 1608 590 1651 munera
606 1593 745 1666 accipere
760 1600 808 1652 est
821 1608 859 1650 an
876 1600 1014 1652 senatum
1029 1594 1152 1665 legeret

329 1676 419 1733 XXII.
448 1676 531 1734 Cum
550 1675 823 1750 accipiendum
841 1674 1166 1748 iudicaverImus,
1189 1676 1235 1735 hi-

269 1758 375 1817 Iares
402 1758 655 1831 accipimus,
687 1757 925 1831 profitentes
951 1758 1129 1830 gaudium
1156 1766 1187 1818 et
1208 1758 1236 1817 id

269 1840 352 1899 danti
365 1840 555 1899 manifestum
568 1841 614 1914 sit,
629 1847 662 1899 ut
676 1842 804 1901 fructum
820 1847 1012 1914 praesentem
1024 1840 1134 1913 capiat.
1158 1842 1236 1901 iusta

263 1923 349 1981 ‘emm
370 1939 463 1982 causa
488 1924 616 1983 lactinae
635 1931 682 1983 est
701 1926 811 1983 laetum
832 1925 961 1982 amicum
982 1922 1101 1997 videre,
1131 1924 1236 1984 iustior

269 2006 397 2078 iecisse,
421 2023 511 2081 quam
525 2014 609 2080 grate
624 2008 664 2066 ad
678 2024 735 2067 nos
751 2008 930 2081 pervenisse
944 2006 1113 2065 iudicemus
1130 2006 1235 2066 effusis

268 2089 447 2149 adfectibus.
478 2092 562 2163 quod
577 2106 637 2149 non
653 2091 721 2166 ipso
742 2096 855 2149 tantum
876 2090 1031 2161 audiente,
1051 2090 1109 2147 sed
1122 2088 1236 2164 ubique

268 2179 423 2232 testemur.
466 2172 521 2245 Qui
548 2180 633 2246 grate
657 2173 838 2232 beneficium
862 2171 987 2247 accipit,
1015 2172 1145 2246 primam
1171 2174 1235 2232 etus

270 2257 450 2329 pensionem
466 2257 569 2314 soivit.
1088 2298 1093 2307 .

225 2349 253 2399 Ι1
330 2337 433 2395 XXIII.
453 2336 545 2396 Sunt
563 2338 728 2412 quidam,
753 2339 815 2413 qui
835 2338 970 2398 nolunt
985 2336 1061 2397 nisi
1079 2345 1234 2398 secreto

270 2420 458 2493 accipere.
502 2427 608 2480 testem
628 2420 769 2480 beneficiI
791 2428 821 2480 et
841 2423 998 2481 conscium
1019 2421 1126 2480 vitant:
1156 2437 1234 2497 quos

270 2503 350 2561 scias
366 2502 436 2561 licet
450 2506 527 2563 male
543 2504 685 2577 cogitare.
712 2503 867 2577 quomodo
889 2505 970 2564 danti
991 2505 1150 2563 intantum
1167 2520 1234 2579 pro·

270 2585 410 2644 ducenda
424 2587 529 2646 uotiua
542 2594 589 2646 est
603 2586 734 2645 muneris
751 2587 813 2658 sui,
835 2587 865 2645 in
884 2594 1028 2660 quantum
1049 2587 1236 2648 delectatura

269 2675 412 2743 osteum,
434 2670 482 2728 cui
498 2669 599 2744 datur,
620 2669 663 2729 ita
680 2668 840 2745 accipienti
861 2670 1033 2729 adhibenda
1048 2671 1157 2729 caucin
1174 2676 1233 2729 esta

236 2752 351 2824 pquod
372 2754 467 2826 pudet
489 2753 616 2825 debere,
644 2769 682 2811 ne
697 2755 864 2826 acceperis.
905 2753 1062 2826 Quidam
1090 2754 1234 2812 furtive

267 2842 383 2905 agunt
402 2836 549 2906 gratias
571 2842 601 2893 et
614 2836 644 2892 in
659 2836 770 2907 angulo
787 2844 816 2894 et
830 2836 870 2894 ad
885 2852 1004 2895 aurem=
1033 2843 1159 2897 nonest
1176 2834 1234 2895 ista

268 2916 464 2987 verecundia,
488 2918 544 2975 sed
564 2917 711 2976 infitiandi
732 2932 840 2989 genus.
870 2920 1005 2992 Ingratus
1027 2925 1089 2991 est,
1117 2919 1170 2993 qui
1186 2933 1233 2978 re

265 2998 355 3057 motis
371 2997 492 3059 arbitriS
508 3000 569 3073 agit
582 3001 704 3074 gratias.
733 2999 859 3072 Quidam
876 3005 982 3061 notant
993 3001 1116 3060 numida
1127 3016 1234 3060 secum

266 3080 332 3139 fieri
347 3097 403 3139 nec
418 3082 569 3155 Interponi
590 3084 727 3156 pararios
749 3100 806 3143 nec
823 3087 992 3159 signatores
1013 3084 1160 3143 advocari
1178 3097 1234 3143 nec

266 3164 500 3238 chirographum
516 3166 603 3225 dare:
632 3167 712 3225 idem
733 3168 859 3239 iaciunt,
882 3169 934 3242 qui
947 3169 1020 3226 dant
1039 3182 1182 3242 operam,
1202 3173 1234 3225 ut

233 3259 249 3313 3
265 3247 445 3307 beneficium
460 3250 489 3307 In
506 3250 593 3324 ipsos
608 3250 751 3309 collatum
763 3266 852 3325 quarn
866 3250 1087 3325 ignotissimum
1104 3250 1153 3309 sit.
1174 3251 1232 3308 Ve-

263 3338 366 3391 rentur
392 3334 488 3406 palam
515 3335 608 3407 serre,
634 3339 667 3393 ut
687 3349 744 3392 sua
768 3334 869 3407 potins
892 3334 1000 3393 vIrtute
1022 3350 1113 3407 quam
1133 3332 1233 3391 alieno

264 3414 413 3474 adiutorio
430 3417 585 3474 consecuti
606 3417 755 3475 dicantur.
789 3418 921 3476 rariores
941 3417 973 3475 In
993 3432 1100 3476 eorum
1122 3415 1233 3475 officIIs

263 3504 348 3571 sunt,
372 3498 482 3571 quibus
504 3497 594 3556 vitam
614 3507 666 3559 aut
686 3499 861 3573 dignitatem
882 3500 1008 3572 debent,
1037 3506 1067 3558 et
1081 3500 1154 3558 dunt
1170 3498 1233 3572 opi·

263 3579 382 3637 nionem
398 3579 550 3639 clientium
563 3580 681 3652 tIment,
700 3581 871 3656 gravIorcm
888 3583 1020 3642 subeunt
1035 3583 1231 3655 ingratorum.

234 3670 249 3719 1
322 3659 1233 3742 xxiv.Atiipessimeloquunturdeopiimemo
