2942 4384
406 366 458 427 DE
479 366 693 427 andaricus
715 367 789 428 LlB.
801 369 852 427 111.
873 377 1004 432 111-13.
1137 368 1180 433 43

202 540 299 585 unum
315 525 380 582 crat
393 519 590 580 beneficium:
606 519 709 594 itaque
723 520 876 579 aestimari
888 522 983 581 semei
996 522 1101 595 potuit.
1120 521 1179 582 alia

204 607 330 667 diversa
345 610 430 677 sunt,
453 602 627 676 dissimilia,
650 603 774 662 infinitis
796 604 873 663 inter
894 621 928 664 33
949 606 1116 665 intervallis
1134 607 1178 665 11-

205 691 332 751 31311131
361 689 464 763 itaque
488 685 545 746 sub
572 687 683 746 nuttam
708 689 845 760 regulam
871 689 982 746 cadere
1004 698 1177 763 potnerunt,

206 790 273 833 cum
289 771 421 847 aequius
436 777 519 830 esset
538 771 640 829 omnia
660 771 789 843 relinqui
812 786 903 845 quam
924 771 1026 830 omnia
1042 773 1177 845 acquari.

263 856 329 915 Xll.
360 855 513 928 Quaedam
538 869 649 927 magno
675 854 817 913 dantibus
840 861 995 926 constant,
1026 856 1208 929 quaedam1

205 939 426 1013 accipientibus
458 952 568 1009 magna
599 944 683 1008 sunt,
720 938 776 997 scd
805 939 935 1010 gratuita
963 939 1176 998 tribuentibus.

193 1023 358 1098 'quaedam
373 1020 478 1079 amicis
496 1020 567 1079 data
588 1021 849 1094 3111111331311
870 1020 992 1094 ignotis.
1030 1023 1098 1095 plus
1119 1029 1176 1095 est,

206 1105 348 1181 quamvis
362 1105 441 1163 idem
457 1104 559 1176 detur,
574 1103 600 1162 si
616 1104 643 1161 31
659 1104 761 1175 datur,
778 1120 869 1177 quom
884 1119 978 1162 nosse
993 1120 1011 1163 3
1025 1105 1176 1165 beneficio

204 1198 255 1250 tuo
271 1188 394 1262 incipis.
419 1186 474 1245 Hic
489 1187 601 1245 auxilia
614 1186 730 1258 tribuit,
754 1188 803 1245 illc
818 1194 1009 1260 ornamenta,
1027 1188 1077 1246 1113
1095 1190 1175 1247 sota-

204 1274 254 1334 tia.
285 1271 426 1331 Invenies
443 1270 494 1344 qui
509 1270 582 1328 nihil
596 1276 681 1342 putet
695 1284 767 1328 csse
787 1269 965 1341 iucundius,
984 1271 1056 1328 nihil
1079 1272 1207 1333 1131131

205 1364 299 1432 quam
312 1354 440 1424 habere,
454 1354 486 1411 in
502 1368 563 1427 quo
580 1352 734 1411 calamitas
748 1353 938 1426 adquiescat.
963 1352 1101 1413 invenies
1111 1370 1176 1412 rur·

204 1456 275 1513 313,
297 1437 350 1513 qui
365 1435 500 1510 dignitati
522 1451 597 1495 suae
619 1452 708 1509 quarn
731 1436 886 1494 securitati
902 1436 1020 1495 consuli
1043 1437 1125 1495 malit
1146 1443 1177 1495 et

205 1523 257 1598 qui
274 1523 344 1596 plus
360 1520 387 1579 ei
402 1520 515 1579 debere
530 1534 565 1577 se
579 1519 705 1590 iudicet,
726 1534 780 1591 per
801 1535 891 1593 quem
914 1521 1004 1579 tutior
1018 1528 1065 1579 est
1084 1536 1176 1594 quam

204 1607 246 1681 31,
271 1620 328 1680 per
343 1619 433 1678 quem
449 1603 619 1662 honestior:
647 1603 777 1676 proinde
792 1603 849 1662 ista
863 1603 979 1662 maiora
994 1611 1045 1662 aut
1059 1604 1176 1662 minora

204 1696 309 1761 erunt,
331 1693 420 1761 prout
441 1685 529 1746 luerit
546 1686 638 1744 iudex
653 1693 703 1744 aut
718 1685 849 1744 adhaec
864 1694 915 1745 ant
930 1687 969 1746 ad
984 1687 1035 1745 illa
1051 1686 1174 1746 inclina·

202 1780 253 1832 tus
269 1772 381 1830 animo.
409 1769 568 1828 Praeterea
584 1769 763 1828 creditorem
778 1769 849 1828 mihi
864 1771 932 1845 ipse
947 1771 1042 1843 eligo,
1060 1770 1173 1830 benefi-
1189 1782 1207 1836 3

204 1855 285 1915 cium
300 1869 395 1928 saepe
411 1853 449 1912 ab
465 1868 501 1911 eo
518 1851 653 1925 accipio,
668 1868 686 1911 a
704 1869 767 1926 quo
782 1854 854 1911 noto
870 1861 900 1912 31
910 1853 1075 1927 aliquando
1089 1853 1174 1927 igno-

202 1954 277 1997 rans
298 1936 431 2011 obligor:
458 1936 532 2009 quid
557 1935 673 1994 iacies?
701 1935 850 2008 ingratum
872 1938 998 1995 vocabis
1016 1952 1099 2004 eum,
1126 1937 1194 2011 cui·

201 2020 386 2081 beneficium
408 2020 506 2079 inscio
531 2025 574 2091 31,
597 2017 623 2077 31
649 2018 773 2090 3113331,
794 2026 1039 2093 nonaccepturo
1060 2020 1174 2092 inposi-

203 2112 267 2165 tum
281 2110 351 2163 est?
375 2120 434 2162 non
452 2101 577 2162 vocabis
594 2116 677 2174 eum,
694 2103 746 2175 qui
761 2109 925 2177 utcumque
941 2110 1100 2175 acceptum
1114 2118 1173 2159 non

202 2187 358 2247 reddidit?
371 2186 491 2260 Aliquis
507 2185 591 2244 dedit
604 2185 676 2243 mihi
691 2186 887 2258 beneficium,
903 2188 959 2246 sed
973 2187 1054 2245 idem
1067 2192 1174 2259 postea
1189 2193 1207 2247 t
1261 2176 1267 2192 '

202 2271 276 2330 iecit
289 2270 444 2329 iniuriam:
465 2277 563 2328 utrum
579 2284 641 2327 uno
656 2284 782 2327 munere
796 2270 836 2327 ad
852 2270 1024 2343 patientiam
1039 2270 1174 2329 omnium

202 2352 381 2414 iniuriarum
392 2352 578 2425 adstringor,
596 2367 634 2410 an
650 2352 776 2425 perinde
791 2352 847 2410 erit
861 2368 897 2411 33
912 2354 937 2412 31
953 2354 1079 2427 gratiam
1090 2360 1172 2430 retu·
1228 2398 1230 2401 .

202 2438 305 2508 ierim,
330 2436 401 2511 quia
416 2436 596 2494 beneficium
611 2451 700 2493 suum
717 2436 785 2509 ipse
806 2436 977 2509 insequenti
998 2436 1107 2495 iniuria
1125 2452 1172 2495 re·

203 2519 316 2580 3111111
330 2519 489 2593 Quomodo
502 2518 614 2577 deinde
628 2517 813 2587 aestimabis
829 2525 928 2577 utrum
943 2521 1012 2592 plus
1024 2520 1071 2587 sit,
1089 2518 1173 2591 quod

203 2602 324 2677 accepit
344 2610 396 2662 aut
417 2602 446 2660 in
469 2618 529 2676 quo
552 2602 654 2659 laesus
678 2608 743 2660 3311
777 2600 849 2659 Dies
866 2616 915 2659 me
930 2601 1052 2660 deficiet
1067 2614 1173 2660 omnes

204 2686 401 2746 difficultates
416 2685 560 2759 persequi
575 2691 779 2758 temptantem.

266 2769 348 2828 Xlll.
373 2768 569 2841 „Tardiores,
586 2767 696 2841 inquit,
713 2766 753 2825 ad
768 2763 917 2825 beneficia
931 2765 1032 2825 danda
1046 2766 1173 2827 tacimus
1190 2780 1204 2832 1

203 2867 265 2913 non
285 2851 471 2911 vindicando
497 2852 568 2911 data
592 2865 649 2908 nec
670 2849 849 2909 infitiatores
874 2865 979 2909 eornm
1001 2851 1172 2911 adiiciendo

204 2939 337 3010 poena.“
359 2934 420 2994 Sed
435 2933 508 2994 illud
524 2950 648 3009 quoque
660 2934 711 2991 tibi
723 2949 741 2990 e
753 2933 903 2992 contrario
916 2942 1063 3004 occurrat,
1080 2927 1172 2994 multo

204 3018 356 3079 tardiores
372 3020 491 3077 futuros
513 3018 551 3075 ad
567 3016 747 3089 accipienda
766 3016 932 3087 beneficia,
956 3018 982 3074 si
1005 3017 1172 3089 periculum

207 3100 708 3165 111313111111113111111311
729 3106 759 3157 et
779 3100 981 3157 innocentiam
998 3098 1173 3157 sollicitiore

206 3184 333 3245 babituri
359 3184 439 3244 loco.
472 3183 588 3243 Deinde
614 3183 726 3241 erimus
756 3198 810 3255 per
830 3182 889 3240 hoc
909 3180 968 3253 ipsi
990 3196 1114 3254 quoqne
1134 3181 1205 3246 ada

206 3268 307 3327 danda
323 3268 483 3326 tardiores.
511 3282 599 3325 nemo
616 3266 694 3325 enim
707 3264 834 3322 libenter
844 3264 895 3321 dat
906 3263 1022 3334 invitis,
1038 3264 1093 3322 sed
1107 3262 1173 3337 qui-

209 3365 338 3425 cumque
351 3351 390 3408 ad
406 3350 657 3420 benefaciendum
671 3345 805 3406 bonitate
821 3346 963 3405 invitatus
985 3355 1032 3406 est
1056 3353 1085 3405 et
1104 3347 1174 3418 ipsa

209 3434 429 3507 pulchritudine
451 3434 510 3506 rei,
543 3432 631 3491 etiam
655 3428 796 3489 libentius
822 3430 905 3489 dabit
928 3429 1001 3487 111111
1027 3429 1172 3488 debituris

209 3517 263 3576 nisi
277 3517 363 3591 quod
379 3517 491 3575 volunt.
512 3516 654 3575 minuitur
668 3513 748 3573 enim
760 3512 857 3587 gioria
871 3514 937 3573 eius
952 3512 1173 3586 3111113111ᾱί-

209 3598 332 3675 ligenter
346 3606 468 3661 cautum
483 3605 540 3660 est.
