2942 4384
320 480 361 545 lc
608 479 642 540 L.
661 478 807 537 ANNAEI
827 476 1003 537 SENECAE

319 639 406 694 sunt
426 628 698 703 exasperanda
718 627 915 687 beneficia
936 642 1007 687 nec
1029 627 1286 703 quicquamil-

320 715 368 775 lis
395 714 512 774 triste
536 712 783 771 miscendum.
823 709 942 769 etiamsi
967 712 1042 785 quid
1062 712 1131 784 erit,
1163 712 1206 772 de
1229 728 1287 787 quo

318 798 395 857 velis
411 797 589 869 admonere,
612 795 693 854 aliud
708 801 827 868 tempus
842 794 954 866 eligito.

287 895 302 946 1
381 881 447 940 Vll.
470 879 582 938 Fabius
603 878 798 936 Verrucosus
812 875 993 937 beneficium
1008 875 1047 934 ab
1067 875 1192 936 homine
1213 878 1287 939 duro

318 978 429 1039 aspere
445 962 546 1021 datum
562 977 673 1035 ponem
693 961 859 1035 lapidosum
879 960 1023 1032 vocabat,
1045 976 1129 1034 quem
1150 964 1289 1022 esurienti

286 1050 456 1120 accepere
476 1047 737 1116 necessariarum,
761 1044 981 1103 esseueerbum.
1015 1042 1153 1101 Tiberius
1176 1044 1288 1103 Caesar
1330 1109 1331 1116 ¹

318 1136 444 1203 rogatus
460 1128 603 1202 aNepote
610 1127 705 1186 Mario
721 1126 890 1200 praetorio,
903 1133 937 1185 ut
952 1126 1014 1185 aeri
1028 1126 1126 1185 alieno
1140 1126 1209 1186 eius
1221 1143 1287 1187 suc·
1329 1121 1331 1128 ’

319 1217 467 1284 curreret,
489 1212 581 1269 edere
596 1209 679 1268 illum
695 1209 752 1268 sibi
768 1209 891 1269 nomina
907 1209 1088 1267 creditorum
1103 1210 1209 1269 iussit=
1230 1210 1287 1270 hoc

303 1312 381 1355 ,non
397 1301 444 1353 εει
458 1294 582 1364 donare,
598 1293 654 1352 sed
671 1292 838 1352 creditores
854 1307 1035 1351 convocare.
1063 1307 1131 1351 cum
1146 1292 1231 1352 edita
1241 1309 1286 1353 cs·
1326 1297 1331 1344 -ἶ

320 1386 403 1449 sent,
421 1378 545 1451 scripsit
558 1374 667 1451 Nepoti
682 1374 812 1435 iussisse
827 1391 862 1435 se
877 1375 1036 1448 pecuniam
1052 1375 1140 1435 solvi.
1170 1375 1288 1436 adiecta
1330 1425 1331 1432 ,

320 1461 541 1521 contumeliosa
556 1459 761 1519 admonitione
776 1458 892 1529 effecit,
910 1464 943 1516 ut
955 1457 1060 1531 Nepos
1075 1473 1131 1516 nec
1147 1473 1203 1518 aes
1217 1460 1286 1518 alie·
1330 1455 1331 1464 ’

319 1562 392 1605 num
408 1544 534 1603 haberet
547 1558 603 1601 nec
618 1542 815 1601 beneficium:
837 1539 975 1599 liberavit
990 1542 1073 1600 illum
1093 1557 1111 1600 a
1132 1542 1286 1602 creditori·

287 1629 394 1699 abus,
417 1626 476 1686 sibi
502 1643 562 1685 non
585 1625 739 1699 obligavit.
774 1624 898 1699 Aliquid
913 1624 1050 1684 Tiberius
1076 1632 1202 1685 secutus
1226 1633 1287 1686 est:

314 1719 409 1791 pulo,
425 1710 521 1769 noluit
536 1711 639 1784 plures
655 1724 735 1782 esse,
754 1710 805 1783 qui
820 1708 900 1767 idem
915 1708 1049 1781 rogaturi
1064 1716 1285 1776 concurrerent

320 1795 378 1853 ista
396 1795 526 1854 sortasse
542 1793 652 1852 efficax
666 1792 743 1852 ratio
759 1792 848 1851 luerit
860 1791 899 1849 ad
913 1790 1067 1851 hominum
1079 1791 1225 1865 inprobas
1238 1808 1288 1852 cu·

320 1877 462 1952 piditates
488 1879 606 1951 pudore
631 1876 858 1951 reprimendae,
891 1874 1072 1949 beneficium
1096 1890 1170 1933 vero
1197 1875 1287 1934 dandi

320 1969 382 2021 tota
397 1960 455 2019 alia
470 1961 629 2033 sequenda
644 1967 691 2019 εει
705 1960 770 2019 viat
798 1959 879 2019 omni
898 1973 1010 2031 genere
1025 1958 1109 2031 quod
1129 1957 1202 2029 des,
1226 1974 1287 2032 quo

321 2043 360 2104 sit
374 2045 576 2118 acceptabas,
599 2043 809 2103 adornandum
826 2049 887 2114 est,
912 2041 977 2101 hoe
991 2057 1065 2101 vero
1087 2056 1149 2100 non
1170 2049 1218 2102 est
1237 2041 1288 2101 be

321 2129 462 2187 celicium
478 2128 565 2200 dare,
588 2127 819 2200 deprehendere
833 2132 890 2184 est.

289 2227 303 2277 l
381 2212 462 2268 Vlll.
474 2210 511 2267 Et
522 2217 555 2268 ut
565 2210 593 2267 in
605 2210 733 2268 transitu
745 2208 784 2267 de
799 2207 856 2266 hac
868 2221 993 2281 quoque
1005 2214 1090 2281 perte
1102 2207 1200 2266 dicam
1216 2208 1289 2282 quid

320 2294 464 2364 sentiam,
485 2308 530 2350 ne
552 2289 725 2365 principi
749 2290 900 2365 quidem
918 2291 1017 2350 satis
1033 2291 1216 2350 decorum
1232 2296 1291 2350 εει

320 2376 466 2434 donare
487 2374 723 2447 ignominiae
749 2389 877 2433 causa.
912 2374 1056 2446 „Tamem
1078 2373 1188 2449 inquit,
1212 2372 1288 2436 effu-

320 2474 393 2532 gere
408 2457 546 2516 Tiberius
561 2473 599 2515 ne
615 2457 674 2516 hoc
690 2456 812 2531 quidem
834 2457 925 2518 modo
948 2457 1032 2532 quod
1049 2455 1162 2517 vitabat
1182 2458 1289 2530 potuit.
1325 2489 1329 2496 ·

321 2556 389 2600 nam
406 2540 521 2614 aliquot
536 2548 645 2614 postea
659 2540 711 2614 qui
726 2540 806 2600 idem
823 2548 967 2615 rogarent
977 2540 1089 2599 inventi
1101 2544 1187 2613 sunt,
1210 2556 1289 2614 quos

321 2640 426 2685 omnes
441 2622 531 2683 iussit
545 2624 675 2683 reddere
690 2624 720 2681 in
735 2631 843 2683 senatu
859 2625 938 2684 aeris
960 2622 1050 2683 alieni
1071 2638 1183 2682 causas
1206 2632 1236 2683 ει
1251 2624 1290 2683 ita

289 2716 305 2767 ι
320 2708 378 2767 illis
394 2715 493 2767 certas
509 2723 643 2767 summas
658 2707 773 2766 dedit.“
791 2708 859 2767 Non
874 2716 921 2766 est
935 2708 1007 2767 illud
1023 2706 1203 2766 liberalitas:
1218 2722 1288 2766 cen·

321 2807 393 2851 sura
408 2799 463 2849 εει.
498 2792 649 2849 auxilium·
662 2798 729 2850 est?
758 2791 925 2865 priucipale
946 2791 1087 2849 tributum
1108 2797 1163 2848 εει.
1191 2789 1289 2849 Bene·

321 2874 423 2933 ficium
443 2889 504 2931 non
521 2880 582 2946 εει,
604 2872 691 2931 cuius
709 2872 777 2932 sine
805 2874 917 2933 rubore
937 2873 1112 2932 meminisse
1133 2890 1194 2933 non
1214 2889 1289 2947 pos·

322 2972 399 3016 sum.
416 2956 456 3014 ad
467 2955 597 3015 iudicem
608 2956 720 3016 missus
732 2973 810 3015 sum.
828 2957 1062 3033 utinpetrarem‚
1078 2972 1202 3015 causam
1214 2956 1288 3015 diri.

290 3050 305 3101 1
385 3040 432 3098 lX.
466 3038 658 3114 Praecipiunt
685 3041 789 3114 itaque
817 3056 924 3100 omnes
954 3049 1095 3099 auctores
1121 3039 1289 3113 sapientiae

322 3123 509 3199 quaedam
533 3123 769 3196 [beneficia]
792 3125 917 3198 palam
939 3123 1075 3195 danda,
1102 3123 1295 3196 quaedam

321 3213 494 3267 secreto=
519 3207 618 3282 palam
636 3222 715 3281 quae
730 3206 880 3282 consequi
896 3207 1063 3280 gloriosum
1080 3210 1165 3279 [est],
1188 3211 1222 3265 ut
1235 3207 1288 3265 mi-

206 3353 210 3361 ,
317 3287 419 3349 ,litarie
434 3290 529 3364 done,
551 3297 584 3351 ut
607 3290 742 3350 honores
757 3298 788 3351 el
803 3288 949 3364 quicquid
968 3289 1074 3365 [aliud]
1097 3287 1203 3348 notitia
1221 3291 1288 3363 pul-

291 3373 425 3435 achrius
441 3373 484 3436 fil.
517 3390 624 3432 rursus
640 3390 719 3448 quae
733 3390 794 3434 non
811 3374 985 3447 producunt
1004 3389 1062 3433 nec
1081 3373 1287 3433 honestiorem

323 3455 451 3529 iaciunt,
468 3456 523 3515 sed
540 3463 720 3516 succurrunt
733 3455 912 3525 infirmitati,
938 3457 1080 3529 egestati,
1095 3457 1288 3530 ignominiae,

321 3540 411 3599 tacite
426 3540 528 3598 danda
543 3546 627 3611 sunt,
648 3548 681 3599 ul
695 3545 767 3599 nota
782 3540 842 3599 sint
857 3540 931 3599 solis
948 3540 1058 3612 quibus
1074 3547 1213 3614 prosunt.

291 3629 306 3680 1
385 3623 421 3680 X.
445 3622 640 3681 Interdum
667 3624 780 3682 etiam
805 3623 905 3697 ipse,
936 3623 999 3696 qui
1026 3624 1194 3697 iuvatur,
1223 3625 1288 3682 ial-

323 3705 464 3765 lendus
485 3714 558 3779 εει,
579 3712 612 3765 ut
626 3705 736 3765 habeat
754 3722 811 3766 nec
831 3721 926 3781 aquo
949 3708 1101 3781 acceperit
1117 3706 1203 3767 sciat.
1232 3709 1287 3765 Ar-
