2942 4384
379 458 519 518 aaron.
535 456 696 531 pulser.
718 457 853 516 mam.
875 464 988 519 r-m
1108 455 1170 519 253

254 610 306 669 XI.
331 608 441 669 Contra
457 609 579 683 quidam
594 609 678 668 aiunt
693 609 851 668 cacumina
868 609 1014 668 montium
1035 608 1097 670 hoc
1119 627 1168 671 ca·
1186 622 1201 673 1

194 694 304 753 lidiora
326 707 397 751 esse
417 692 545 764 debere,
573 708 633 766 quo
656 700 727 751 sunt
753 692 899 766 propiora
922 693 995 750 soli:
1025 693 1077 767 qui
1099 694 1170 753 mihi

195 778 339 837 videntur
353 792 469 847 errare,
486 775 777 849 quod-Apenninum
792 783 821 834 et
832 777 928 848 Alpes
943 784 973 835 ct
986 777 1063 835 alios
1079 785 1169 837 notos

196 861 234 919 ob
246 859 390 919 eximiam
402 859 588 917 altitudinem
599 866 718 917 montes
733 859 763 916 in
776 866 889 917 tantum
904 867 1007 932 putant
1019 875 1168 932 crescere,

196 951 227 1003 ut
247 943 368 1002 illorum
389 942 562 1015 magnitudo
584 942 697 1001 sentire
719 943 794 1001 solis
815 941 955 1000 viciniam
978 942 1091 1017 possit:
1118 958 1202 1008 err-a

196 1028 281 1085 celsa
294 1034 365 1085 sunt
378 1026 451 1097 ista,
476 1026 620 1099 quamdiu
638 1026 726 1083 nobis
742 1034 960 1099 conparantum
987 1034 1103 1085 atvero
1119 1026 1170 1086 ubi

194 1110 235 1167 ad
247 1109 425 1168 universum
436 1109 623 1181 respexeris,
636 1108 796 1168 manifesta
807 1114 853 1167 est
865 1109 997 1169 omnium
1009 1109 1169 1168 humilitas.

195 1193 275 1251 inter
301 1207 336 1250 se
360 1192 522 1251 vincuntur
543 1200 572 1250 et
590 1193 728 1251 vincunt:
759 1199 891 1251 ceterum
911 1191 942 1250 in
963 1199 1076 1253 tantum
1097 1192 1170 1251 nihil

194 1274 364 1346 adtollitur,
379 1283 412 1335 ut
427 1276 456 1333 in
472 1275 631 1334 collatione
645 1274 736 1334 totius
752 1278 813 1333 ulla
828 1276 868 1333 sit
882 1275 929 1332 vel
943 1276 1082 1334 maximis
1099 1292 1169 1349 por-

193 1360 254 1419 tioz
278 1358 362 1433 quod
382 1358 440 1417 nisi
456 1364 553 1427 esset,
580 1375 640 1417 non
657 1359 828 1417 diceremus
843 1365 937 1417 totum
954 1359 1058 1418 orbem
1073 1366 1167 1417 terra-

194 1458 264 1502 rum
289 1441 380 1515 pilam
406 1456 486 1499 esse.
517 1440 599 1500 Pilae
626 1442 797 1515 proprietas
819 1448 866 1502 est
891 1456 960 1499 cum
986 1442 1201 1515 aequalitated

196 1525 329 1599 quadarn
351 1525 540 1583 *rotunditas
583 1525 796 1600 aequalitatem
825 1530 925 1584 autern
949 1525 1056 1598 accipe
1080 1525 1168 1597 hanc,

197 1623 290 1681 quam
311 1606 398 1667 vides
419 1605 447 1665 in
470 1607 585 1667 lusoria
607 1609 676 1683 pila.
694 1623 767 1667 non
790 1606 970 1685 multum-illi
989 1608 1169 1667 commissu-

194 1706 250 1749 rae
268 1699 298 1749 et
317 1691 411 1749 rimae
425 1706 529 1750 earum
544 1698 669 1764 nocent,
697 1708 759 1765 quo
775 1692 874 1750 minus
892 1707 946 1764 par
960 1690 1018 1749 sibi
1034 1691 1072 1750 ab
1088 1692 1169 1750 omni

196 1780 285 1848 parte
305 1774 436 1831 dicatum
461 1774 615 1847 quomodo
637 1775 666 1832 in
688 1774 746 1833 hac
766 1775 829 1848 pila
848 1773 921 1833 nihil
940 1774 991 1833 illa
1010 1772 1170 1833 intervalla

197 1856 336 1917 alliciunt
354 1856 394 1914 ad
414 1858 548 1929 speciem
563 1856 699 1928 rotundi,
721 1859 766 1916 sic
786 1872 824 1915 ne
840 1856 869 1915 in
885 1857 1028 1916 universo
1046 1859 1169 1932 quidem

196 1940 272 2000 orbe
287 1946 433 1999 terrarum
447 1941 518 1999 editi
532 1949 666 2013 montes,
684 1957 811 2014 quorum
824 1940 948 1999 altitudo
961 1940 1052 1999 totius
1065 1940 1167 1999 mundi

195 2021 359 2083 collatione
380 2025 573 2081 consumitur.
602 2024 657 2096 Qui
682 2024 753 2083 dicit
767 2023 904 2082 altiorem
923 2030 1070 2095 montem,
1098 2023 1200 2096 quial

196 2107 294 2166 solem
309 2106 437 2179 propius
453 2106 597 2180 excipiat,
623 2105 719 2179 magis
736 2107 835 2165 calere
852 2105 978 2177 debere,
1002 2106 1051 2164 ille
1066 2106 1168 2164 dicere

197 2195 300 2263 potest
320 2188 488 2261 longiorem
509 2189 661 2251 hominem
683 2189 772 2249 citius
789 2206 880 2264 quam
897 2189 1038 2263 pusillum
1055 2189 1168 2247 debere

197 2272 329 2331 calefieri
355 2278 385 2329 et
410 2279 501 2345 caput
517 2273 605 2332 citius
632 2289 723 2347 qurum
742 2274 855 2347 pedes:
880 2280 911 2332 at
925 2270 1064 2347 quisquis
1082 2288 1167 2330 mun-

196 2356 269 2414 dum
289 2370 433 2413 mensura
455 2371 511 2413 sua
532 2355 736 2417 aestimaverit
757 2366 786 2417 et
807 2363 918 2415 terram
933 2355 1111 2429 cogitaverit
1124 2362 1167 2413 te-

195 2454 268 2496 nere
290 2438 393 2510 puncti
413 2438 528 2510 locum,
554 2440 707 2512 intelleget
727 2438 800 2498 nihil
814 2441 844 2497 in
859 2439 911 2497 illa
925 2454 1020 2512 posse
1035 2439 1169 2497 eminere

195 2522 251 2591 ita,
271 2528 305 2579 ut
326 2521 471 2580 coelestia
484 2522 581 2595 magis
596 2523 719 2593 sentiat,
742 2523 868 2583 velutin
886 2522 1089 2596 propinquum
1111 2522 1168 2579 illis

195 2603 372 2663 accesserit.
398 2603 517 2663 Montes
537 2603 600 2677 isti,
623 2621 700 2678 quos
722 2605 907 2679 suspicimus
928 2612 958 2664 et
973 2604 1103 2664 vertices
1119 2618 1199 2668 ae-5

194 2693 282 2745 terna
303 2686 372 2745 nive
393 2688 533 2761 possessi
554 2688 746 2748 nihilominus
762 2687 866 2747 inimo
882 2695 961 2746 sunt.
993 2695 1023 2747 et
1042 2686 1169 2760 propius

196 2768 320 2843 quidem
335 2777 382 2829 est
396 2786 414 2828 a
429 2772 495 2829 sole
509 2787 597 2829 mons
613 2788 703 2846 quam
718 2787 844 2845 campus
855 2778 906 2830 aut
916 2772 1027 2842 valles,
1043 2770 1099 2828 sed
1115 2768 1169 2841 sic,

196 2852 354 2926 quomodo
370 2861 417 2914 est
433 2854 512 2927 pilus
529 2855 589 2927 pilo
604 2854 748 2913 crassior.
770 2854 830 2914 isto
842 2855 922 2913 enim
935 2854 1025 2914 modo
1039 2859 1069 2911 et
1079 2852 1170 2911 arbor

195 2936 254 2995 alia
274 2935 372 3008 magis
388 2952 478 3009 quam
500 2938 558 2996 alia
578 2938 693 2997 dicetur
708 2938 809 2997 vicina
832 2939 936 2998 coelo:
960 2937 1170 3011 quodfalsum

195 3025 258 3089 est,
276 3020 347 3092 quia
361 3018 438 3078 inter
450 3022 560 3093 pusilla
571 3037 630 3079 non
645 3029 747 3094 potest
760 3037 832 3081 esse
844 3038 985 3095 magnum
997 3020 1169 3090 discrimen,

194 3100 254 3160 nisi
267 3101 338 3174 dum
350 3100 427 3160 inter
439 3118 473 3162 se
485 3113 698 3178 conparantur.
722 3105 772 3163 ubi
785 3105 824 3167 ad
837 3105 1029 3164 collationem
1041 3102 1170 3161 inmensi

196 3184 337 3258 corporis
358 3193 481 3245 ventum
503 3194 564 3259 cst,
592 3187 664 3245 nihil
685 3185 824 3256 interest,
852 3193 965 3258 quanto
981 3185 1020 3243 sit
1042 3187 1170 3243 alterum

195 3268 291 3327 allero
307 3268 419 3339 maius,
437 3271 521 3343 quia,
537 3270 654 3330 etiamsi
672 3283 780 3341 magno
797 3266 985 3341 discrimine,
1000 3274 1100 3325 tamen
1116 3264 1169 3323 rni-

196 3350 279 3409 nima
295 3350 463 3410 vincuntur.

258 3433 322 3498 XII.
344 3433 405 3493 Sed
418 3436 500 3494 ulad
519 3434 705 3510 propositum
721 3441 870 3507 revertar,
889 3441 1013 3508 propter
1023 3432 1079 3491 has
1093 3447 1170 3505 quas
1187 3439 1200 3488 l

195 3515 285 3575 retuli
311 3533 422 3577 causas
448 3520 602 3593 plerisque
629 3518 743 3592 placuit
767 3520 796 3577 in
817 3535 853 3577 ea
876 3526 960 3592 parte
977 3516 1055 3575 aeris
1071 3516 1170 3574 niuem

196 3599 333 3672 concipi,
360 3617 439 3673 quae
461 3602 562 3661 vicina
581 3602 670 3661 terris
692 3608 753 3673 est,
781 3609 811 3662 et
831 3602 900 3662 ideo
920 3602 1019 3659 minus
1034 3599 1169 3672 adligari,

197 3683 272 3756 quia
293 3682 411 3743 minore
433 3681 534 3759 rigore
556 3678 625 3746 edit.
657 3701 726 3746 nam
747 3685 865 3745 vicinus
886 3700 938 3745 aer
953 3693 983 3745 ct
995 3684 1065 3760 plus
1079 3683 1170 3743 habet
