2942 4384
318 490 382 554 228
615 492 648 549 L.
670 489 817 558 ANNAEI
837 488 1012 549 SENECAE

289 643 553 718 touibusdam
589 640 819 702 fluminibus
858 639 916 698 vis
952 639 1056 700 inest
1085 639 1188 700 mira.
1233 641 1293 703 elia

318 729 397 787 enim
417 732 502 798 sunt,
532 741 609 799 quae
639 732 728 799 pota
750 722 937 783 intioiunt
956 738 1095 796 greges
1120 723 1240 796 ovium,
1263 736 1293 787 et

317 813 395 870 intra
416 817 529 869 eertum
544 815 685 882 tempus,
705 822 785 881 quoe
799 807 920 865 suerunt
934 805 1052 879 nigrae,
1076 807 1175 866 etbam
1192 810 1293 869 ierunt

318 896 431 963 tanam,
467 907 545 966 quae
570 891 657 949 albae
679 897 841 961 venerant,
875 890 979 962 nigrae
1004 890 1126 949 abeunt.
1168 892 1235 952 Hoo
1261 893 1292 951 in

316 976 444 1035 Boeotia
463 990 568 1033 amnes
590 973 650 1032 duo
672 972 820 1043 eifieiunt,
851 987 978 1046 quorum
1003 971 1087 1032 atteri
1114 972 1153 1031 ab
1180 974 1292 1035 affeetu

317 1058 413 1116 Metus
431 1072 540 1118 nomen
557 1063 619 1115 est:
641 1056 762 1129 utrique
777 1070 816 1114 ex
831 1054 940 1114 eodem
956 1055 1024 1114 tacu
1041 1062 1154 1114 exeunt
1169 1056 1291 1117 diversa

288 1140 434 1205 eiecturi.
457 1141 489 1198 ln
504 1140 684 1198 Macedonia
696 1152 828 1212 quoque,
844 1144 877 1196 ut
888 1137 929 1196 ait
939 1137 1178 1211 Theophrastus,
1193 1141 1291 1201 amnis

317 1229 380 1293 est,
400 1222 440 1281 ad
456 1239 561 1297 quem,
581 1222 632 1296 qui
647 1223 747 1279 iacere
760 1236 834 1280 oves
846 1220 933 1279 aibas
944 1218 1109 1293 voluerint,
1124 1223 1290 1283 adducunt.

318 1321 409 1379 quem
429 1311 462 1365 ut
482 1305 594 1364 diutius
616 1312 775 1379 potavere,
797 1319 857 1361 non
873 1302 959 1362 aliter
973 1316 1065 1377 quam
1080 1304 1210 1365 iniectae
1225 1323 1290 1367 mu-

316 1396 426 1449 tantur.
461 1390 502 1447 At
516 1388 541 1446 si
556 1387 615 1446 iltis
632 1403 711 1460 opus
726 1386 782 1445 suit
795 1387 864 1444 lane
881 1388 977 1460 putta,
1001 1393 1124 1460 paratus
1140 1391 1290 1461 gratuitus

254 1504 256 1507 -
317 1472 521 1531 infertorem:
542 1470 581 1529 ad
595 1469 727 1531 Peneion
743 1469 882 1529 eumdem
897 1484 1020 1542 gregem
1035 1469 1199 1548 adpettant.
1226 1475 1289 1531 Au-

211 1597 214 1603 .
318 1562 419 1614 etores
440 1568 539 1613 novos
559 1552 658 1612 habeo
680 1567 752 1611 esse
773 1550 803 1609 in
822 1552 937 1611 Gatatia
957 1551 1086 1625 flumen,
1109 1554 1194 1627 quod
1209 1553 1290 1614 idem

317 1635 347 1695 in
371 1637 480 1696 ovibus
502 1633 623 1693 efficiat.
656 1641 703 1693 est
717 1641 747 1693 et
760 1635 789 1692 in
805 1634 1015 1709 Cappadocia,
1036 1652 1096 1709 quo
1106 1629 1187 1710 'poto
1202 1639 1290 1711 equis

318 1734 373 1777 nee
388 1726 546 1793 praeterea
559 1717 611 1776 uiti
630 1717 750 1776 animati
766 1719 851 1778 eolor
864 1724 994 1777 mutetur
1008 1724 1038 1777 et
1052 1720 1206 1793 spargitur
1221 1722 1290 1780 atbo

288 1802 405 1867 scutis.
448 1800 639 1873 Quosdam
667 1800 776 1858 lacus
805 1815 909 1871 esse,
939 1801 1001 1874 qui
1034 1801 1149 1860 nandi
1181 1804 1290 1877 inpe-

316 1884 415 1943 ritos
443 1884 584 1956 terent,
615 1891 717 1943 notum
734 1890 797 1943 est=
824 1883 931 1941 eratin
948 1883 1064 1957 Sicilia,
1085 1891 1132 1944 est
1145 1892 1175 1944 et
1189 1886 1290 1945 adhue

316 1967 346 2023 in
363 1966 452 2043 Syria
468 1973 622 2040 stagnum,
645 1966 673 2023 in
690 1982 751 2040 quo
767 1972 871 2025 natant
883 1967 994 2025 lateres
1007 1972 1036 2025 et
1047 1967 1141 2040 mergi
1153 1969 1291 2042 proiecte

316 2066 378 2109 non
395 2056 540 2125 possunt,
563 2048 632 2109 lieet
646 2050 787 2122 graviora
802 2048 870 2107 sint.
909 2049 1005 2107 Huius
1020 2049 1063 2109 rei
1079 2051 1177 2124 petam
1195 2067 1290 2111 causo

316 2141 378 2192 est:
402 2148 625 2206 quemeumque
641 2132 688 2190 vis
703 2147 767 2191 rem
782 2132 924 2204 expende
940 2138 969 2191 et
983 2140 1089 2192 eontra
1103 2142 1215 2207 aquam
1231 2144 1288 2194 sta-

314 2223 380 2288 tue,
400 2216 565 2275 dummodo
582 2214 741 2289 utriusque
763 2229 818 2288 par
833 2213 871 2273 sit
885 2216 1009 2274 modus:
1032 2216 1058 2274 si
1072 2231 1153 2289 aqua
1166 2217 1289 2289 gravior

317 2305 378 2371 est,
405 2297 550 2356 leviorem
570 2313 648 2369 rem,
673 2314 764 2373 quam
783 2298 851 2373 ipsu
872 2306 933 2369 est,
959 2300 1034 2358 seret
1047 2306 1077 2359 et
1093 2306 1175 2359 tanto
1196 2315 1288 2375 supra

317 2394 352 2438 se
373 2380 508 2451 extollet,
532 2386 646 2454 quanto
667 2381 722 2440 erit
736 2379 848 2441 levior:
871 2381 1012 2455 graviore
1026 2382 1228 2443 descendunt.
1260 2392 1289 2443 at

316 2459 344 2521 si
360 2476 458 2537 aquae
472 2470 502 2523 et
517 2463 583 2523 eius
598 2463 657 2535 rei,
681 2479 772 2538 quam
788 2472 894 2524 eontra
911 2463 1069 2538 pensabis,
1092 2481 1149 2539 par
1163 2468 1286 2540 pondus

316 2544 387 2616 erit,
421 2560 478 2604 nee
504 2562 628 2621 pessum
654 2546 706 2606 ibit
730 2562 787 2605 nee
812 2546 958 2619 exstabit,
986 2547 1042 2606 sed
1067 2550 1287 2623 exaequabitur

316 2643 415 2703 aquae
430 2634 459 2689 et
474 2629 587 2689 natabit
606 2629 745 2703 quidem,
768 2630 823 2688 sed
841 2646 937 2703 paene
953 2646 1052 2689 mersa
1068 2645 1103 2689 ue
1118 2633 1202 2691 nulia
1217 2633 1285 2691 emi-

287 2721 392 2775 onens
414 2716 508 2786 parte.
545 2712 612 2771 Hoe
632 2720 692 2784 est,
716 2727 770 2771 eur
791 2714 940 2785 quaedam
962 2714 1043 2787 tigna
1063 2729 1157 2787 supra
1178 2730 1285 2789 aquam

315 2809 414 2866 paene
429 2799 492 2854 tota
507 2794 680 2864 efferantur,
698 2795 847 2868 quaedam
859 2796 898 2854 ad
911 2796 1041 2865 medium
1053 2796 1208 2855 submissa
1220 2798 1284 2868 sint,

317 2875 466 2947 quaedam
490 2877 529 2934 ad
555 2876 765 2950 aequilibrium
793 2893 893 2953 aquae
919 2878 1115 2937 descendant.
1154 2895 1285 2953 namque

316 2970 385 3015 oum
406 2957 568 3031 utriusque
587 2959 710 3033 pondus
732 2976 788 3034 par
808 2968 868 3033 est,
890 2969 996 3020 neutra
1015 2976 1065 3019 res
1085 2961 1171 3021 atteri
1193 2964 1284 3022 cedit:

315 3038 455 3112 graviora
476 3041 681 3115 descendunt,
701 3044 816 3102 leviora
831 3051 996 3117 gestantur.
1028 3059 1122 3116 grave
1142 3052 1242 3105 autem
1258 3054 1287 3104 et

316 3119 383 3181 teve
398 3130 445 3182 est
460 3139 520 3183 non
536 3124 747 3185 aestimatione
761 3135 879 3198 nostra,
902 3127 958 3185 sed
975 3128 1195 3200 conparatione
1209 3129 1284 3201 eius,

192 3283 194 3287 y
286 3211 302 3264 t
315 3220 376 3279 quo
392 3205 462 3265 vehi
477 3207 575 3266 debet.
609 3209 716 3281 Itaque
730 3208 782 3267 ubi
793 3226 873 3283 aqua
884 3211 1007 3283 gravior
1018 3215 1066 3269 est
1077 3209 1207 3269 hominis
1219 3227 1284 3270 eor-

316 3304 392 3361 pore
406 3296 457 3347 aut
471 3291 552 3361 saxi,
575 3307 636 3350 nou
652 3290 722 3349 sinit
736 3290 782 3363 id,
800 3308 860 3365 quo
876 3308 935 3351 non
954 3292 1096 3365 vincitur,
1111 3294 1219 3367 mergis
1242 3296 1285 3353 sie

314 3371 428 3442 evenit,
452 3380 483 3431 ut
504 3372 532 3430 in
555 3373 736 3445 quibusdam
757 3375 873 3449 stagnis
891 3392 929 3435 ne
943 3376 1062 3449 lapides
1078 3376 1201 3450 quidem
1218 3393 1284 3451 pes-

314 3469 382 3512 sum
398 3460 476 3512 eant.
505 3455 543 3512 de
559 3454 665 3514 solidis
682 3455 804 3531 quidem
821 3474 857 3517 ae
872 3458 957 3517 duris
974 3460 1092 3533 toquor.
1121 3468 1192 3519 suot
1206 3462 1284 3518 enim

314 3534 399 3595 mutti
414 3536 565 3610 pumicosi
581 3544 610 3596 et
624 3539 722 3610 leves,
747 3555 785 3599 ex
802 3540 911 3615 quibus
927 3558 1006 3616 quae
1021 3550 1163 3602 constant
1180 3543 1214 3601 in
1225 3560 1285 3603 su-

284 3617 374 3675 etae
395 3618 424 3676 in
438 3619 549 3695 Lydia,
569 3627 712 3680 natant.
754 3624 983 3697 Theophrastus
999 3633 1047 3684 est
1062 3633 1178 3685 auctor.
1216 3627 1284 3701 lpse

314 3698 355 3757 ad
376 3698 498 3761 cutilias
519 3709 670 3763 natemem
694 3705 823 3767 insulam
845 3707 916 3766 vidi.
944 3714 974 3767 et
989 3708 1048 3768 alia
1064 3708 1094 3767 io
1109 3706 1283 3771 Vadimonis
