2942 4384
321 448 383 513 rra
604 450 637 509 L.
659 450 806 509 aunam
827 449 1002 510 suuucau
1076 487 1097 534 ,

319 604 425 673 refert,
443 602 533 675 quale
547 601 586 660 sit
600 600 646 673 id,
662 601 746 675 quod
761 602 943 670 incenditur,
960 610 991 661 et
1009 617 1101 675 quam
1114 602 1293 674 vehemens,

320 701 381 759 quo
397 684 574 743 incenditur.
596 685 726 743 Ventum
739 692 838 743 autem
851 684 1002 758 signifieat
1015 684 1168 756 eiusmodi
1181 686 1292 761 lapsus

302 776 348 828 >et
364 766 485 840 quidem
502 765 540 824 ab
558 782 594 824 ea
610 773 711 839 parte,
727 782 787 839 qua
804 768 941 841 erumpit.
956 827 960 839 ,

287 855 301 905 1
379 849 444 909 XV.
457 848 648 921 „Fulgore
658 864 690 920 s,
703 849 814 922 inquit,
827 845 981 922 quomodo
994 849 1077 921 fiunt,
1090 865 1170 923 quos
1183 851 1291 910 Graeci

317 934 402 991 sela
422 931 620 1004 adpellant‘r“
641 930 758 1004 Multis,
780 938 813 990 ut
832 932 929 1003 aiunt,
949 931 1065 991 modis:
1097 940 1199 1004 potest
1221 934 1290 994 illos

316 1023 477 1073 ventorum
493 1011 540 1071 vis
556 1013 664 1084 edere,
689 1021 790 1087 potest
804 1014 972 1087 superioris
987 1014 1062 1072 coeli
1078 1014 1190 1073 fervor.
1220 1032 1289 1075 nam

318 1112 386 1154 cum
408 1097 467 1153 lato
486 1096 573 1154 fusus
589 1095 628 1154 sit
642 1095 736 1168 ignis,
758 1097 902 1155 inferiora
916 1096 1097 1169 aliquando,
1119 1098 1146 1156 si
1162 1098 1289 1158 accendi

303 1186 388 1240 ,sunt
409 1177 534 1248 idonea,
554 1177 685 1251 corripit.
710 1185 811 1252 potest
832 1180 986 1237 stellarum
1000 1185 1100 1237 motus
1122 1195 1218 1240 eursu
1232 1196 1288 1240 suo

317 1260 451 1319 excitare
472 1259 572 1332 ignem
592 1267 621 1318 et
642 1260 670 1318 in
696 1262 832 1319 subiecta
851 1261 1062 1320 transmittere.
1085 1262 1160 1335 quid
1176 1270 1289 1336 porro?

317 1360 377 1403 non
396 1350 496 1417 potest
515 1342 597 1415 fieri,
619 1350 651 1401 ut
665 1359 718 1401 aer
730 1344 790 1401 vim
806 1344 924 1417 igneam
938 1342 1081 1416 usquein
1098 1344 1224 1403 aethera
1237 1344 1282 1403 eli·

317 1427 383 1496 dat,
405 1440 520 1498 exque
541 1426 642 1498 fulgor
662 1426 793 1485 ardorve
812 1425 852 1484 sit
870 1427 918 1484 vel
934 1426 1039 1485 stellae
1054 1425 1161 1485 similis
1178 1442 1307 1486 exeun--

283 1516 391 1574 asus‘t
417 1508 464 1565 Ex
479 1508 525 1566 his
541 1507 709 1580 fulgoribus
725 1510 873 1582 quaedam
895 1524 1046 1582 praeceps
1066 1517 1155 1581 eunt,
1178 1510 1286 1568 similia

320 1590 548 1665 prosilientibus
568 1590 673 1649 stellis.
708 1592 858 1663 quaedam
878 1600 960 1650 certo
980 1592 1049 1650 loco
1065 1600 1246 1665 permanent
1259 1600 1287 1651 et

315 1682 428 1733 tantum
445 1674 521 1731 lucis
538 1674 688 1744 emittunt,
704 1679 737 1731 ut
753 1675 857 1746 fugent
869 1674 1011 1732 tenebras
1025 1681 1055 1733 et
1068 1674 1149 1731 diem
1165 1689 1284 1747 reprae-

316 1762 450 1826 sentent,
472 1756 571 1813 donec
591 1764 772 1829 consumpto
794 1756 935 1815 alimento
957 1756 1083 1829 primum
1106 1756 1284 1816 obscuriora

316 1838 391 1910 sint,
413 1836 523 1895 deinde
544 1836 684 1895 flammae
699 1839 806 1908 modo,
829 1838 948 1911 quaein
964 1854 999 1896 se
1014 1838 1108 1909 cadit,
1131 1854 1187 1910 per
1205 1837 1284 1898 adsi-

317 1921 408 1979 duam
431 1916 657 1979 diminutionem
668 1921 848 1994 redigantur
864 1922 893 1979 in
909 1921 1042 1979 nihilum.
1069 1920 1115 1977 Ex
1130 1920 1178 1980 his
1194 1936 1283 1995 quae

316 2004 386 2062 dam
407 2002 436 2060 in
457 2002 588 2062 nubibus
611 2003 772 2077 adparent,
798 2003 948 2076 quaedam
969 2018 1062 2075 supra
1077 2003 1190 2075 nubes,
1218 2019 1283 2062 eum

316 2102 368 2145 aer
384 2086 505 2159 spissus
520 2085 634 2158 ignem,
658 2102 746 2159 quem
764 2087 889 2160 propior
903 2087 991 2145 terris
1009 2085 1060 2144 diu
1077 2093 1218 2159 paverat,
1235 2102 1283 2144 us-

233 2191 235 2195 ⁴
283 2189 300 2241 3
317 2185 375 2244 que
389 2170 418 2227 in
434 2170 536 2227 sidera
549 2170 710 2241 expressit.
732 2169 846 2228 Horum
863 2169 965 2242 aliqua
979 2184 1038 2227 non
1056 2168 1209 2241 patiuntur
1222 2183 1283 2227 mo-

314 2267 393 2322 ram,
411 2252 467 2309 sed
481 2257 689 2310 transcurrunt
700 2258 751 2309 aut
762 2250 994 2323 exstinguuntur
1004 2250 1147 2322 subinde,
1163 2267 1226 2325 qua
1239 2265 1284 2307 re·

313 2337 461 2394 luxerant.
483 2333 566 2389 Haec
581 2333 757 2406 fulgores
772 2335 926 2403 dicuntur,
944 2335 1013 2407 quia
1027 2332 1129 2392 brevis
1144 2334 1238 2392 facies
1251 2332 1283 2390 il·

313 2418 411 2476 lorum
423 2415 580 2474 etcaduca
592 2421 706 2474 estnec
718 2416 785 2475 sine
796 2417 903 2476 iniuria
915 2415 1071 2474 decidens.
1094 2430 1190 2489 saepe
1206 2415 1283 2473 enim

314 2498 472 2559 fulminum
487 2513 585 2558 noxas
602 2498 769 2558 ediderunt.
798 2500 836 2557 ab
851 2498 899 2557 his
915 2505 992 2556 tecta
1005 2514 1062 2557 nos
1078 2496 1211 2557 vidimus
1226 2497 1284 2557 icta

282 2584 380 2657 4sine
401 2582 542 2653 fulmine,
564 2597 642 2655 quae
663 2583 934 2654 asterupleeta
956 2581 1062 2639 Graeci
1084 2588 1208 2639 vocant·
1245 2582 1284 2638 At

315 2667 426 2742 quibus
449 2664 568 2738 longior
587 2680 673 2723 mora
694 2671 723 2722 et
743 2665 848 2723 for-tior
861 2663 940 2737 ignis
955 2669 1187 2736 estmommque
1207 2662 1283 2722 coeli

313 2765 458 2822 sequens,
489 2755 539 2806 aut
554 2748 605 2821 qui
622 2748 763 2822 proprios
779 2763 887 2807 cursus
903 2755 1008 2819 agunt,
1029 2752 1200 2805 cometas
1214 2762 1235 2804 a
1246 2762 1282 2805 o·

314 2832 385 2891 stri
402 2837 549 2903 putant,
570 2831 612 2888 de
633 2831 773 2902 quibus
790 2830 990 2888 dicendum
1005 2835 1072 2887 est.
1100 2829 1217 2887 Horum
1232 2843 1282 2901 ge-

314 2928 388 2971 nera
409 2920 481 2970 sunt
502 2913 711 2986 pogoniae,
733 2912 932 2985 lampades
947 2910 1240 2988 etcyparissiae
1255 2918 1282 2968 et

313 2995 372 3054 alia
388 2992 503 3065 omnia,
525 3010 652 3067 quorum
672 2994 750 3067 ignis
766 2995 795 3051 in
811 2994 894 3053 exitu
908 3010 1036 3068 sparsus
1051 3002 1106 3056 est.
1143 2993 1283 3063 Dubium,
1329 3024 1333 3034 ι

313 3093 350 3137 an
371 3077 448 3136 inter
466 3076 525 3136 hos
544 3085 694 3150 ponantur
717 3078 847 3136 trabes
872 3084 902 3135 et
927 3077 1088 3151 pillulae,
1115 3092 1195 3151 quae
1215 3090 1283 3133 raro

315 3168 386 3221 sunt
412 3159 488 3219 visa.
520 3162 613 3218 multa
638 3160 718 3219 enim
744 3160 977 3234 conglobatione
1000 3159 1114 3233 ignium
1139 3160 1282 3231 indigent,

316 3262 384 3305 cum
404 3245 510 3317 lngens
531 3244 648 3302 illorum
665 3244 748 3303 orbis
761 3245 947 3317 aliquantum
962 3242 1098 3302 matutini
1113 3240 1282 3316 amplitudi-

239 3350 242 3357 ·
283 3343 300 3391 5
316 3343 384 3387 nem
397 3327 472 3388 solis
486 3334 660 3399 exsuperet.
689 3328 769 3385 lnter
789 3326 864 3384 haec
885 3341 983 3398 ponas
998 3326 1068 3383 lieet
1081 3333 1112 3383 et
1126 3324 1209 3398 quod
1225 3323 1291 3380 fre=

316 3418 444 3485 quenter
467 3410 495 3468 in
519 3408 652 3468 historiis
668 3411 800 3483 legimus
823 3408 971 3467 coelum
992 3408 1130 3466 ardere
1151 3410 1283 3474 visum,

316 3495 403 3553 cuius
424 3508 652 3565 nonnumquam
671 3498 732 3550 tam
755 3492 892 3551 sublimis
907 3491 999 3550 ardor
1012 3498 1067 3563 est,
1079 3497 1111 3549 ut
1125 3490 1203 3549 inter
1216 3489 1283 3561 ipsa

316 3576 418 3633 sidera
435 3575 587 3645 videatur,
610 3590 838 3648 nonnumquam
858 3582 917 3633 tam
937 3572 1073 3643 humilis,
1096 3581 1128 3632 ut
1149 3572 1283 3645 speciem

315 3656 471 3733 longinqui
482 3657 614 3717 incendii
624 3658 778 3731 praebeat.
801 3655 989 3717 Subliberio
998 3655 1128 3715 Caesare
1141 3654 1283 3724 cohortes
