2942 4384
391 478 532 539 NATUR.
548 476 709 551 QUAEST.
731 477 804 537 LIB.
815 478 854 537 V.
873 484 989 540 8-12.
1116 475 1178 543 261

205 628 292 706 piunt
311 628 402 699 flore,
423 643 491 688 cunr
512 628 625 704 et[iam]
645 627 767 700 longius
787 626 960 685 extenditur
973 625 1039 685 dies
1054 633 1085 687 ct
1103 630 1176 689 recti

203 714 233 774 in
257 729 315 773 nos
335 711 412 771 radii
432 711 610 784 diriguntur.
652 710 724 768 Veri
746 725 819 783 ergo
836 709 933 768 simile
948 717 995 769 εει
1009 721 1207 774 concussas'd

204 798 307 857 calore
322 810 431 867 magno
446 796 532 853 nives
548 794 617 867 plus
632 792 747 851 humidi
761 791 877 851 efflare.
904 792 974 852 iter'n
991 799 1088 853 terras
1104 809 1192 853 exo·>

203 886 327 939 neratas
347 879 417 936 nive
438 884 631 950 retentosque
652 876 769 949 spirare
795 875 930 935 liberius.
962 876 1002 935 ita
1027 878 1114 950 plura
1138 894 1177 936 ex

202 960 443 1036 septemtrionali
464 968 549 1034 parte
572 957 651 1018 coeli
671 974 801 1032 corpora
816 959 900 1017 exire
915 965 945 1016 et
963 958 993 1017 in
1008 958 1084 1018 haee
1100 961 1176 1029 loca,

202 1062 283 1120 quae
298 1051 368 1103 sunt
383 1042 584 1102 submissiora
599 1056 635 1100 ac
649 1043 813 1115 tepidiore,
836 1042 956 1100 delerri.
980 1040 1025 1101 sio
1042 1042 1175 1116 inpetum

201 1127 317 1188 etesias
332 1141 467 1186 sumere:
489 1133 520 1186 et
534 1125 572 1185 ob
588 1125 647 1183 hoc
659 1141 677 1183 a
689 1125 818 1184 solstitio
831 1124 889 1183 illis
901 1124 1015 1183 initium
1027 1132 1082 1197 est,
1098 1128 1176 1185 ultra

201 1217 301 1270 ortum
323 1208 484 1269 Caniculae
505 1225 566 1267 non
589 1210 702 1277 valent,
727 1208 799 1281 quia
819 1207 877 1265 iam
894 1208 1019 1268 multum
1034 1224 1051 1265 e
1066 1209 1175 1281 frigida

200 1292 281 1353 coeli
296 1299 382 1367 parte
397 1292 427 1349 in
442 1291 521 1350 hanc
536 1290 706 1350 coniectum
722 1298 778 1349 est.
800 1305 837 1348 ac
852 1290 899 1349 sol
914 1297 1028 1348 mutato
1041 1306 1133 1361 cursu
1145 1293 1203 1353 iol

200 1384 307 1435 nostra
321 1375 432 1434 rectior
446 1375 610 1434 intenditur
624 1382 655 1433 et
670 1375 793 1433 alterurn
810 1380 925 1446 partem
939 1373 1020 1433 aeris
1034 1374 1173 1445 adtrahit,

199 1458 290 1517 aliam
311 1474 384 1517 vero
406 1457 530 1530 inpellit.
573 1455 624 1516 Sic
646 1457 696 1516 ille
721 1456 884 1515 etesiarum
910 1454 1001 1515 ssatus
1027 1464 1174 1516 aestatem

200 1542 312 1615 frangit
325 1549 355 1600 et
370 1540 549 1600 amansium
565 1539 856 1599 ferventissimorum
871 1539 1017 1611 gravitate
1029 1540 1173 1599 defendit.

259 1624 312 1682 Xl.
343 1624 446 1682 Nunc
468 1624 552 1697 quod
576 1621 701 1697 promisi
727 1622 1029 1695 dicendumst,
1055 1635 1201 1697 quarel

199 1708 351 1767 etesiae
377 1721 446 1764 vos
474 1723 549 1765 non
576 1706 764 1765 adiuvent
791 1720 892 1779 neque
916 1704 1079 1780 quicquam
1103 1707 1174 1766 huic

199 1791 358 1850 conferant
378 1803 500 1848 causae.
541 1787 675 1849 Dicimus
701 1797 783 1849 ante,
796 1789 893 1846 lucem
919 1804 1023 1849 auram
1049 1789 1174 1859 incitari,

187 1872 338 1932 eamdem
360 1872 535 1941 subsidere,
556 1888 625 1931 oum
641 1872 722 1929 illam
737 1873 785 1929 sol
798 1871 933 1944 adtingit.
959 1870 1044 1946 atqui
1059 1874 1174 1931 etesiae

199 1956 239 2015 ob
257 1955 317 2015 hoc
344 1955 600 2015 somniculosi
623 1972 641 2013 a
661 1953 760 2012 nautis
782 1961 811 2012 et
832 1954 994 2012 delicati
1016 1962 1172 2025 vocantur,

199 2039 301 2113 quod,
322 2046 356 2098 ut
370 2037 537 2109 ailGallio,
556 2055 644 2098 mone
662 2040 797 2097 marium
813 2053 953 2109 surpere:
982 2050 1019 2095 eo
1034 2044 1173 2111 tempore

198 2122 263 2180 iere
278 2121 425 2196 incipiunt
439 2121 577 2194 prodire,
601 2136 661 2195 quo
678 2136 717 2179 ne
733 2120 873 2193 pertinax
888 2118 1009 2191 quidem
1027 2136 1101 2179 aura
1115 2128 1171 2179 est.

199 2202 283 2277 quod
304 2221 364 2265 non
387 2203 554 2276 accideret,
575 2204 600 2263 si
616 2211 783 2274 mauram,
805 2203 846 2262 ita
861 2203 930 2261 illos
946 2204 993 2262 sol
1008 2218 1172 2264 conmove-

196 2296 252 2346 rot
286 2288 384 2347 Adice
405 2302 500 2361 nuno,
522 2288 606 2361 quod
627 2286 653 2346 si
675 2302 770 2346 causa
784 2286 842 2344 iilis
858 2286 949 2345 flatus
965 2292 1013 2346 est
1027 2287 1087 2345 diei
1102 2298 1202 2360 spa-a

196 2369 270 2430 lium
286 2385 322 2428 ao
336 2368 510 2443 longitudo,
530 2370 620 2430 etiam
632 2378 701 2430 ante
713 2369 874 2429 solstitium
887 2369 1010 2441 darent,
1027 2385 1095 2429 curn
1108 2371 1171 2430 lon·

196 2453 315 2549 gissimi
336 2454 402 2513 dies·
426 2460 497 2513 sunt
516 2461 547 2513 et
566 2454 768 2513 cummaxime
789 2453 876 2511 nives
891 2453 1060 2513 tabescunt
1096 2453 1172 2511 lulio

196 2537 276 2594 enirn
297 2551 403 2596 mense
423 2536 482 2595 iam
502 2535 674 2610 despoliata
695 2543 767 2595 sunt
788 2536 890 2595 omnia
906 2543 957 2594 aut
972 2543 1053 2595 certe
1067 2536 1171 2595 admo·
1198 2606 1205 2619 ·

195 2617 269 2677 dum
285 2635 382 2693 panca
397 2620 498 2688 iacent
511 2619 612 2679 adhuc
627 2620 685 2679 sub
700 2620 781 2678 nive

257 2702 322 2760 Xll.
352 2702 429 2761 Sunt
449 2692 600 2776 quaedam
621 2718 736 2777 genera
754 2708 930 2770 ventorum,
960 2714 1039 2774 quae
1062 2717 1120 2773 rup
1123 2707 1199 2759 lael

194 2786 294 2845 nubes
309 2786 359 2845 et'
352 2803 382 2844 m
399 2802 526 2859 pronum
543 2788 625 2845 solut
613 2794 661 2845 tae
673 2788 823 2845 emittunt·
845 2785 904 2843 hos
921 2781 1057 2842 Graeci
1080 2798 1170 2842 ven-

193 2877 257 2928 los
279 2868 493 2943 ecnephias
514 2856 663 2929 vocant.
685 2867 851 2943 quihoc,
874 2874 1037 2941 utputo,
1060 2868 1171 2927 modo

194 2951 309 3011 liunt=
332 2967 401 3011 oum
420 2967 530 3024 magna
550 2952 751 3025 inaequalitas
771 2968 808 3010 ac
830 2950 1043 3012 dissimilitudo
1060 2967 1170 3025 corpo

192 3050 276 3106 rum,
300 3050 380 3107 quae
401 3050 498 3107 vapor
518 3041 657 3094 terrenus
673 3036 791 3105 emittit,
815 3036 845 3095 in
861 3034 990 3094 sublime
1005 3042 1054 3093 eat
1069 3036 1172 3094 etalio

193 3133 233 3177 ex
254 3116 302 3176 his
322 3118 505 3191 corporibus
526 3118 610 3177 sicca
625 3120 698 3187 sint,
722 3118 781 3176 alia
794 3116 934 3187 humida,
957 3132 996 3174 ex
1012 3122 1094 3175 tanta
1108 3117 1170 3177 dis

193 3198 301 3259 cordia
316 3215 480 3275 corporum
497 3202 574 3259 inter
585 3216 621 3259 se
637 3199 850 3273 pugnantium,
872 3213 941 3256 curn
952 3198 982 3255 in
993 3214 1086 3256 unum
1098 3213 1171 3257 oon-

192 3281 318 3356 globata
338 3291 423 3357 sunt,
449 3284 610 3343 verisimile
631 3290 679 3342 est
699 3280 849 3355 quasdam
866 3295 959 3339 cavas
975 3280 1055 3339 ellici
1070 3282 1169 3341 nubes

192 3373 223 3425 et
243 3364 402 3428 intervalla
422 3367 500 3427 inter
519 3366 587 3426 illas
604 3363 735 3439 relinqui
751 3364 890 3424 fistulosa
908 3370 938 3422 ει
950 3363 980 3421 in
996 3363 1120 3422 modum
1135 3368 1169 3424 ti·

191 3447 263 3507 biae
283 3457 424 3545 angusta.
464 3450 518 3510 His
540 3449 705 3510 intervallis
726 3448 826 3508 tenuis
849 3447 1010 3506 includitur
1033 3445 1198 3519 spiritual
1274 3468 1279 3476 ⁸

193 3532 247 3605 qui
260 3533 359 3593 maius
374 3533 530 3594 desiderat
544 3534 689 3607 spatium,
714 3547 781 3591 cum
797 3532 994 3590 everberatus
1006 3544 1100 3590 cursu
1116 3547 1169 3626 pa-

191 3631 258 3674 rum
282 3615 377 3677 libero
398 3615 520 3675 incaluit
534 3624 564 3676 et
580 3615 618 3675 ob
633 3616 693 3674 hoc
708 3616 836 3690 amplior
849 3613 897 3685 fit,
919 3614 1091 3687 scinditque
1106 3614 1169 3673 cin·
1207 3678 1215 3688 ,

190 3698 295 3774 gentio
311 3705 345 3759 et
364 3699 495 3775 erumpit
518 3696 550 3760 in
570 3707 709 3773 ventum,
738 3698 791 3773 qui
812 3699 876 3759 lere
897 3687 1090 3771 procellosds
1111 3706 1167 3772 est,
