2942 4384
385 459 436 522 DE
455 459 668 525 BENEFICIIS
688 460 762 520 LIB.
774 460 825 521 lv.
846 468 979 524 38-30.
1103 477 1106 488 ¹
1127 459 1168 523 85

194 613 342 686 tascius,
365 612 412 672 cui
434 612 542 671 debeo.
573 610 647 687 quiid
668 614 747 671 enirn
762 612 827 686 regi
842 630 973 688 pauper,
997 617 1069 689 quid
1085 616 1201 676 divitia

193 697 339 769 reddam,
354 696 459 769 utique
471 712 538 754 cum
552 696 673 770 quidam
689 698 826 770 recipere
838 697 1018 757 beneficium
1031 700 1170 759 iniuriam

194 780 331 840 indicent
354 786 385 838 et
407 778 558 837 beneficia
581 778 712 837 subinde
737 780 804 838 aliis
833 779 990 839 beneficiis
1018 789 1170 842 onerent?

195 863 271 937 quid
287 862 416 935 amplius
430 862 459 920 in
474 859 582 920 horum
596 876 726 934 persona
743 877 868 936 possum
885 878 975 937 quam
990 865 1086 923 vellet
1112 880 1169 924 nec

194 946 277 1004 enim
297 943 367 1004 ideo
388 944 567 1003 beneficium
590 960 700 1004 novum
722 944 837 1004 reicere
859 946 974 1019 debeo,
998 946 1071 1021 quia
1092 964 1169 1006 non-

195 1029 270 1087 dum
291 1028 376 1101 prius
390 1025 519 1086 reddidi.
552 1025 707 1100 Accipiam
724 1035 783 1086 tam
800 1028 927 1087 libenter
942 1046 1032 1103 quam
1047 1031 1169 1090 dabitur

195 1119 227 1171 et
251 1109 406 1185 praebebo
430 1126 479 1167 mc
502 1110 599 1169 amico
625 1124 693 1167 tneo
719 1111 910 1169 exercendae
930 1112 1073 1173 bonitatis
1093 1129 1169 1173 suae

195 1209 341 1268 capacem
357 1194 520 1252 materiam.
549 1192 600 1266 qui
616 1209 696 1251 nova
709 1194 849 1267 accipere
863 1210 923 1253 non
942 1197 1017 1268 vult,
1034 1198 1168 1272 acceptis

196 1276 370 1336 offenditur.
401 1276 466 1336 Non
492 1277 591 1335 resero
612 1276 752 1348 gratiam:
776 1276 849 1349 quid
870 1277 910 1335 ad
932 1285 1017 1336 rem?
1042 1296 1101 1337 non
1122 1286 1201 1339 esta

195 1375 251 1434 per
266 1376 316 1419 me
331 1374 430 1430 mora,
447 1360 473 1418 si
487 1366 539 1419 aut
554 1358 677 1417 occasio
692 1358 763 1416 mihi
779 1359 866 1418 deest
881 1366 932 1418 aut
946 1361 1084 1420 facultas.
1116 1361 1169 1421 llle

196 1442 347 1518 praestilit
361 1441 447 1511 mibi,
469 1457 581 1515 nempe
595 1457 663 1501 cum
679 1441 875 1500 occasionem
888 1441 1027 1515 haberet,
1043 1459 1109 1503 cum
1125 1446 1168 1503 la-

195 1527 353 1586 cultatem=
383 1532 482 1585 uuum
508 1525 607 1585 bonus
630 1524 674 1582 vir
695 1530 743 1583 est
757 1541 794 1582 an
810 1526 929 1584 malost
959 1527 1040 1599 apud
1057 1527 1168 1586 bonurn

193 1608 293 1667 virum
305 1607 417 1666 bonam
433 1624 556 1667 causam
571 1607 684 1678 liabeo,
705 1607 789 1681 apud
802 1609 912 1666 malum
927 1624 988 1668 non
1006 1625 1074 1683 ago.
1106 1610 1200 1669 Neci

195 1690 269 1750 illud
282 1691 403 1763 quidem
415 1690 556 1750 existimo
571 1690 756 1762 iaciendum,
770 1696 803 1749 ut
812 1692 927 1749 reterre
938 1692 1063 1765 gratiam
1079 1693 1168 1753 etiam

194 1772 297 1833 invitis
319 1771 382 1845 his,
409 1773 520 1847 quibus
535 1774 677 1844 refertur,
705 1788 903 1847 properemus
918 1783 948 1833 et
961 1776 1106 1835 instemus
1122 1793 1168 1836 re·

195 1856 396 1915 cedentibus:
426 1872 486 1915 non
503 1865 551 1916 est
564 1857 678 1915 reterre
693 1858 838 1929 gratiam,
861 1859 944 1931 quod
959 1861 1067 1918 volens
1081 1875 1169 1919 acce-

194 1938 295 2013 peris,
322 1939 434 1999 nolenti
455 1940 594 1999 reddere.
628 1938 771 2011 Quidam,
798 1954 865 1997 cum
881 1940 1006 2014 aliquod
1023 1942 1081 1999 illis
1097 1942 1168 2001 mis·

194 2038 264 2081 sum
281 2028 329 2081 est
347 2025 574 2093 munusculum,
595 2022 726 2081 subinde
748 2021 829 2079 aliud
843 2021 1054 2096 intempestive
1069 2023 1169 2082 remit-

194 2112 262 2165 tunt
286 2111 317 2165 et
340 2104 412 2164 nihil
438 2121 472 2165 se
494 2105 606 2163 debere
630 2110 800 2163 testantur:
831 2103 975 2163 reiciendi
999 2121 1097 2179 genus
1121 2115 1169 2165 est

195 2187 337 2263 protinus
357 2188 439 2247 aliud
460 2188 588 2249 invicem
604 2186 720 2246 mittere
741 2193 770 2245 et
784 2203 894 2246 munus
910 2204 1034 2248 munere
1051 2204 1167 2263 expun-

193 2285 279 2345 gere.
301 2272 474 2344 Aliquando
489 2278 519 2331 et
530 2288 588 2330 non
605 2270 731 2329 reddam
743 2270 939 2342 beneficium,
955 2287 1024 2331 curn
1040 2271 1199 2346 possimss5

194 2354 344 2428 quando't
374 2355 399 2414 si
420 2356 489 2429 plus
508 2353 580 2412 milti
601 2354 790 2412 detracturus
812 2368 864 2414 ero
880 2371 971 2429 quam
985 2354 1027 2414 illi
1043 2356 1168 2415 collatu·

194 2452 268 2508 rus,
289 2436 317 2495 si
336 2437 385 2496 ille
401 2454 460 2497 non
475 2439 531 2498 erit
547 2451 694 2495 sensurus
710 2436 801 2495 ullam
819 2438 1028 2498 accessionem
1042 2445 1168 2513 recepto

195 2534 249 2591 eo,
279 2536 340 2593 quo
366 2520 485 2579 reddito
512 2518 584 2579 mihi
616 2520 742 2580 multum
768 2520 986 2581 abscessurum
1011 2522 1075 2580 erit.
1112 2521 1168 2594 Qui

196 2602 323 2662 iestinat
342 2603 447 2677 ulique
467 2603 612 2675 reddere,
636 2619 695 2661 non
718 2599 809 2660 habet
830 2603 960 2663 animum
981 2604 1057 2677 grati
1072 2603 1168 2662 homi-

195 2684 262 2757 nis,
277 2686 334 2744 sed
348 2686 509 2759 debitoriS,
524 2693 554 2744 et
568 2685 759 2756 utbreviter,
776 2685 827 2757 qui
840 2684 927 2743 nimis
943 2686 1026 2759 cupit
1037 2687 1167 2760 solvere,

195 2767 309 2829 invitus
327 2768 427 2831 debet.
461 2769 513 2846 qui
527 2769 638 2829 invitus
654 2768 760 2842 debet,
775 2767 910 2841 ingratus
925 2774 981 2828 cst.
