2942 4384
413 452 464 513 DE
484 450 696 513 Bennntclls
717 452 791 515 LlB.
803 454 856 512 lv.
878 460 1009 517 lt—na.
1157 455 1199 522 ll

222 609 340 669 nudum
363 612 395 666 et
413 604 564 665 infirmum
586 604 718 663 societas
733 604 838 663 munit.
874 604 957 665 Duas
972 606 1068 683 [deus]
1084 624 1134 668 res
1149 610 1202 670 de·

223 692 285 765 dit,
309 704 391 765 quae
412 689 495 748 illum
516 687 684 747 obnoxium
700 686 922 747 validissimum
940 690 1090 763 lacerent,
1111 694 1203 753 ratio·

228 790 296 834 nem
318 782 350 833 et
370 772 564 831 socictatem=
586 770 689 844 itaque
710 768 764 844 qui
785 786 842 844 par
856 787 928 830 esse
943 774 1016 832 nulli
1032 784 1153 848 posset,
1176 778 1204 836 si

230 858 443 925 seduceretur,
459 868 558 913 rerum
575 853 695 927 potitur.
725 852 864 912 Societas
876 854 917 919 illi
930 855 1095 916 dominium
1108 859 1233 921 omni-3

229 956 274 1000 um
296 937 474 999 animalium
498 936 591 997 dedit.
625 936 759 995 societas
780 937 868 996 terris
888 938 1023 1010 genitum
1041 939 1071 999 in
1087 941 1205 1002 alienae

230 1030 356 1083 naturae
374 1019 541 1080 transmisit
561 1018 720 1093 imperium
743 1027 773 1079 et
793 1019 941 1079 dominari
967 1023 1055 1082 etiam
1078 1025 1107 1083 in
1129 1025 1204 1084 mari

229 1106 327 1167 iussit.
354 1102 432 1163 haec
452 1102 626 1163 morborum
644 1102 764 1175 inpetus
780 1104 890 1175 arcuit,
911 1106 1060 1166 senectuti
1076 1108 1202 1167 admini-

229 1191 297 1249 cula
312 1186 487 1263 prospexit,
509 1184 619 1245 solatia
633 1192 741 1244 contra
755 1186 879 1245 dolores
894 1188 987 1247 dedit.
1015 1188 1092 1249 haec
1108 1192 1203 1250 sortes

228 1288 285 1332 nos
306 1271 396 1342 lacit,
423 1269 506 1343 quod
529 1269 599 1328 licet
618 1275 725 1327 contra
746 1268 897 1328 fortunam
920 1272 1083 1331 advocare.
1118 1275 1233 1333 Hanct

227 1355 408 1415 societatem
423 1353 494 1412 tolle
507 1359 538 1411 et
551 1352 694 1411 unitatem
709 1351 832 1424 generis
846 1352 986 1425 humani,
1007 1370 1068 1427 qua
1081 1357 1141 1415 vita
1152 1373 1202 1416 su·

227 1438 374 1508 sanetur,
392 1434 526 1495 scindes.
559 1434 681 1494 tolletur
697 1442 813 1507 nutem,
838 1435 864 1493 si
885 1435 998 1507 cilicis,
1018 1445 1052 1496 ut
1066 1437 1202 1511 ingratus

225 1520 349 1580 aelurus
368 1534 430 1578 non
454 1533 510 1592 per
529 1532 565 1576 se
584 1517 727 1576 vitandus
749 1517 802 1587 sit,
825 1518 882 1576 sed
897 1518 969 1593 quia
983 1519 1097 1593 aliquid
1111 1520 1152 1580 illi
1168 1523 1202 1580 ti·
1221 1552 1230 1569 ·

225 1603 372 1663 mendum
388 1608 444 1661 est.
467 1616 558 1674 quam
573 1599 658 1658 multi
671 1598 752 1658 enim
763 1608 850 1672 sunt,
871 1602 982 1676 quibus
994 1602 1119 1677 ingratis
1130 1620 1203 1664 esse
1305 1665 1309 1670 ,

225 1685 392 1747 tutolicett
407 1683 545 1758 Denique
553 1684 701 1757 ingratum
708 1699 788 1741 voco
796 1685 1025 1759 quisquismetu
1032 1696 1137 1760 gratus
1145 1696 1202 1748 est

290 1767 370 1828 XIX.
392 1767 474 1828 Deos
489 1782 579 1826 nemo
595 1782 690 1826 sanus
705 1767 798 1826 timet.
819 1768 903 1827 luror
918 1776 966 1828 est
977 1769 1057 1827 enim
1069 1778 1230 1834 metueret

227 1850 376 1911 salutaria
395 1864 452 1908 nec
474 1850 637 1924 quisquam
658 1857 740 1908 amat
760 1866 840 1923 quos
861 1851 954 1911 timet.
994 1852 1038 1912 Tu
1058 1853 1201 1928 denique,

226 1934 378 2009 Epicure,
401 1932 493 1992 deum
513 1932 657 1991 inermem
677 1932 769 2004 facie,
792 1934 893 1992 omnia
912 1934 954 1993 illi
975 1936 1049 2004 tela,
1081 1953 1202 1995 omnem

227 2015 388 2078 detraxisti
415 2014 580 2090 potentiam
605 2024 651 2088 et,
679 2029 717 2074 ne
740 2014 883 2087 cuiquam
905 2018 1086 2077 metuendus
1107 2027 1200 2091 esset,

228 2098 385 2175 proiecisti
407 2099 490 2160 illum
511 2106 598 2157 extra
617 2105 739 2157 metum.
774 2098 861 2157 Hunc
882 2098 971 2171 igitur
990 2100 1140 2173 inseptum
1156 2102 1229 2163 int

228 2182 311 2259 genti
328 2181 450 2257 quidem
465 2188 494 2241 et
511 2180 715 2254 inexplicabili
727 2198 813 2239 muro
825 2180 1019 2255 divisumque
1031 2200 1049 2241 n
1061 2190 1201 2242 contactu

228 2273 258 2326 et
269 2282 288 2324 a
300 2272 470 2339 conspectu
481 2263 651 2325 mortalium
663 2280 723 2323 non
735 2263 832 2323 habes
845 2280 940 2338 quare
951 2267 1101 2325 verearisz
1119 2267 1203 2327 nulla

228 2348 268 2408 ibi
283 2363 342 2407 nec
357 2348 508 2407 tribuendi
521 2362 579 2407 nec
593 2347 724 2407 nocendi
740 2349 864 2406 materia
877 2355 933 2407 est.
956 2347 985 2407 in
999 2350 1099 2408 medio
1111 2351 1201 2409 inter·

230 2433 309 2491 rollo
331 2430 422 2490 huius
437 2438 468 2490 et
487 2430 610 2490 alterius
631 2431 707 2488 coeli
724 2431 867 2489 desertus
890 2430 957 2490 sinc
977 2433 1112 2505 animali,
1135 2435 1201 2492 sine

228 2513 366 2587 homine,
389 2513 456 2573 sine
476 2527 509 2571 re
528 2511 633 2572 ruinas
652 2514 834 2572 mundorum
850 2530 946 2587 snpra
960 2530 994 2573 se
1010 2516 1152 2589 circaque
1166 2531 1202 2575 se

230 2596 404 2657 cadentium
418 2596 510 2656 evitat
524 2612 585 2655 non
601 2594 771 2655 exaudiens
787 2603 858 2655 vota
871 2612 929 2656 nec
943 2598 1038 2655 nostri
1049 2599 1201 2656 curiosus.

229 2679 325 2754 Atqui
345 2679 427 2738 hunc
448 2679 494 2737 vis
514 2677 613 2738 videri
634 2679 736 2739 colere
756 2694 817 2735 non
838 2677 924 2736 aliter
938 2695 1029 2751 quam
1047 2686 1230 2751 parentemn

229 2771 333 2837 grato,
359 2770 392 2822 ut
413 2762 538 2837 opinor,
560 2762 677 2822 animo=
702 2768 754 2819 out
774 2760 801 2819 si
821 2776 882 2818 non
904 2761 951 2820 vis
973 2760 1068 2819 videri
1086 2769 1200 2835 grauia,

230 2846 303 2920 quia
318 2846 433 2905 nullum
447 2844 543 2904 habes
559 2844 640 2903 illius
654 2843 850 2914 beneficium,
873 2844 929 2903 sed
942 2851 970 2903 te
982 2844 1073 2904 aloini
1085 2853 1115 2904 et
1125 2845 1202 2903 istae

229 2928 328 2988 micae
349 2936 419 2988 tuae
440 2928 518 2987 forte
537 2942 574 2987 cc
593 2934 707 2986 temere
727 2927 1002 3000 conglobaverunt,
1027 2944 1081 2987 cur
1103 2927 1202 2989 colist

230 3011 380 3085 „Propter
392 3011 594 3083 maiestatem,
614 3009 730 3084 inquis,
755 3010 821 3069 eius
842 3010 982 3070 eximiam
1004 3012 1230 3085 singularem-a

229 3109 291 3167 que
306 3098 475 3153 naturam.“
507 3094 547 3154 Ut
560 3092 727 3153 concedam
742 3093 810 3152 tibi:
832 3109 942 3168 nempe
958 3093 1018 3152 hoc
1030 3096 1105 3153 lacis
1119 3096 1201 3155 nullo

229 3176 330 3251 pretio
344 3175 501 3250 inductus,
522 3176 605 3235 nulla
619 3189 685 3249 spe.
721 3182 769 3235 est
783 3192 856 3249 ergo
868 3176 981 3249 aliquid
994 3192 1049 3248 per
1061 3193 1096 3235 se
1107 3192 1201 3248 expe-

229 3260 371 3330 tendum,
398 3260 485 3319 cuius
506 3266 537 3319 te
559 3259 628 3334 ipsa
649 3259 781 3331 dignitas
803 3258 900 3317 ducit=
921 3258 952 3315 id
968 3264 1015 3316 est
1029 3258 1200 3318 honestum.

229 3340 309 3414 Quid
330 3349 378 3401 est
392 3350 492 3401 autem
508 3342 665 3401 honestius
681 3357 772 3414 quom
787 3348 903 3415 gratum
918 3347 1010 3399 esset
1037 3338 1126 3401 huius
1141 3341 1201 3399 vir·

228 3424 303 3485 tutis
318 3426 443 3485 materia
456 3433 516 3485 tum
531 3426 589 3484 late
606 3432 687 3499 patet
703 3439 792 3498 quom
808 3423 878 3483 rita.

292 3507 356 3567 XX.
381 3506 464 3580 „Sed
486 3508 578 3579 inest,
599 3506 711 3580 inquit,
734 3506 804 3566 huic
820 3506 901 3566 bono
917 3507 1006 3566 etiam
1021 3505 1133 3565 utilitas
1148 3505 1229 3568 nli-l

231 3595 323 3665 qua.“
359 3590 410 3650 Cui
426 3591 506 3649 enim
523 3590 621 3649 virtuti
638 3607 697 3649 non
712 3590 813 3650 inest?
840 3591 896 3650 sed
912 3590 944 3649 id
959 3596 1083 3663 propter
1098 3605 1132 3647 se
1148 3605 1200 3648 ex·

229 3673 293 3751 peti
308 3673 432 3750 dicitnr,
451 3674 550 3750 quod,
570 3674 709 3749 quumvis
723 3672 835 3736 habeat
849 3675 952 3749 aliqua
966 3682 1053 3734 extra
1067 3688 1199 3735 comme·
