2942 4384
387 360 438 420 DE
460 360 671 429 BENEFICIIS
692 362 765 422 LlB.
778 364 828 422 111.
853 373 984 426 20—23.
1132 365 1175 429 49

196 510 302 572 ficium
318 510 459 570 dominus
476 526 600 571 aservo
615 510 749 586 accipit?
775 510 865 572 immo
880 513 972 572 homo
988 513 1026 573 ab
1041 513 1172 576 homine.

196 595 340 669 Denique
362 594 445 668 quod
469 594 500 652 in
524 594 606 653 illius
628 601 778 668 potestate
801 594 854 653 tuit
876 596 963 655 lecit:
991 598 1201 661 beneficiumt

198 678 324 739 domino
340 678 433 737 dedit.
456 693 495 736 ne
511 693 529 736 a
543 693 633 736 servo
649 679 824 751 acceperiS,
845 679 874 736 in
891 687 942 738 tua
953 686 1103 753 potestate
1115 693 1170 743 est.

198 762 273 835 Quis
294 768 395 821 autem
411 768 514 821 tantus
529 768 590 835 est,
612 776 702 835 quem
718 778 780 821 non
795 762 916 821 lortuna
930 764 1067 837 indigere
1082 766 1172 825 etiarn

198 845 311 905 infimis
328 851 439 918 eogat‘l

260 929 369 987 XXlll.
390 928 485 987 Multa
498 928 556 987 iam
571 927 791 988 beneficiorum
804 946 917 1003 genera
928 932 1056 991 reseram
1071 941 1101 992 et
1112 934 1200 994 dis-1

198 1012 309 1071 similia
329 1018 359 1071 et
381 1013 530 1086 quaedam
551 1012 627 1071 inter
642 1028 676 1071 se
693 1016 853 1073 contraria.
886 1016 976 1074 Dedit
990 1016 1100 1090 aliquis
1117 1018 1171 1076 do·
1268 1033 1270 1047 ·

198 1098 280 1154 mino
303 1111 361 1154 suo
385 1095 490 1168 vitam,
515 1095 599 1154 dedit
618 1104 759 1170 mortem,
786 1100 920 1158 servavit
939 1100 1118 1172 periturum:
1142 1109 1172 1159 et

198 1179 258 1238 hoc
270 1179 297 1237 si
311 1194 416 1252 parum
429 1185 483 1249 est,
501 1180 658 1252 pereundo
672 1182 814 1240 servavit.
836 1182 1172 1242 aliusmortemdomini

198 1261 324 1334 adiuvit,
336 1262 413 1320 alius
423 1262 552 1336 decepit.
573 1262 716 1322 Claudias
725 1264 978 1338 Quadrigariusin
987 1266 1170 1325 duodevice·
1182 1279 1199 1329 2

197 1346 276 1404 simo
289 1345 440 1405 annalium
454 1346 556 1419 tradit,
575 1362 642 1404 cum
658 1347 851 1406 obsideretur
864 1348 1058 1412 Grumentum
1072 1358 1101 1407 et
1111 1349 1170 1407 iam

196 1430 237 1488 ad
253 1445 402 1488 summam
419 1429 664 1501 desperationem
675 1438 798 1489 ventum
810 1441 902 1504 esset,
918 1431 997 1490 duos
1011 1448 1120 1491 servos
1131 1435 1171 1491 ad

197 1512 950 1587 hostemtranssugisseetoperaepretiumiecisse.
971 1515 1170 1576 Deindeurbe

197 1603 288 1670 capta
303 1594 418 1669 passim
434 1595 623 1655 discurrente
639 1597 753 1656 victore
768 1597 837 1657 illos
853 1605 994 1671 pernota
1009 1599 1116 1658 itinera
1131 1601 1171 1657 ud

197 1678 1170 1754 domuminquaservierant,praecucurrisseetdominamsuam

196 1769 267 1822 ante
279 1778 315 1821 se
328 1762 439 1835 egisse.
463 1764 680 1835 quaerentibus
694 1780 844 1839 quaenam
859 1772 957 1838 esset,
973 1758 1125 1825 dominam
1141 1774 1171 1825 et

197 1846 322 1920 quidem
345 1846 584 1906 crudelissimam
608 1848 646 1905 ad
666 1848 849 1922 supplicium
865 1850 904 1907 ab
920 1850 996 1921 ipsis
1013 1850 1083 1908 duci
1100 1866 1169 1923 pro·

196 1931 300 1989 fessos
313 1945 394 1989 esse.
416 1930 556 1989 eductam
569 1932 679 1990 deinde
691 1940 777 1990 extra
789 1948 892 1990 muros
905 1949 1022 1990 summa
1035 1949 1108 1990 cura
1120 1948 1168 1990 co-

196 2014 290 2085 lasse,
304 2014 402 2073 donec
415 2013 533 2074 hostilis
546 2014 590 2073 ira
602 2017 785 2075 consideret.
802 2016 922 2086 deinde,
933 2023 966 2074 ut
977 2015 1103 2073 satiatus
1116 2016 1168 2073 rni-
1266 2071 1270 2077 ,

195 2096 241 2155 les
255 2096 316 2156 cito
329 2097 369 2155 ad
380 2099 534 2158 Romanos
548 2114 648 2157 mores
661 2099 757 2169 rediit,
771 2099 839 2158 illos
854 2113 977 2173 quoque
991 2099 1028 2156 ad
1039 2113 1168 2155 suosre-

197 2181 283 2241 disse
296 2188 326 2240 et
337 2181 488 2239 dominam
502 2182 559 2239 sibi
571 2182 802 2255 ipsosdedisse.
825 2183 999 2241 Manumisit
1010 2190 1198 2255 utrumque3

194 2264 355 2337 evestigio
367 2265 417 2323 illa
429 2281 485 2323 nec
497 2265 653 2337 indignata
660 2266 751 2324 estab
760 2266 807 2324 bis
817 2267 947 2325 sevitam
956 2267 1125 2338 accepisse,
1138 2266 1168 2324 in

196 2364 277 2421 quos
288 2348 369 2406 vitae
382 2350 528 2422 necisque
541 2356 722 2423 potestatem
735 2348 900 2408 habuisset.
929 2349 1028 2406 Potuit
1039 2349 1096 2407 sibi
1109 2348 1169 2408 boo

194 2433 244 2490 vel
265 2430 364 2504 magis
387 2433 540 2505 gratulari.
566 2434 652 2492 aliter
673 2435 752 2490 enirn
773 2439 893 2490 servata
909 2448 1018 2489 munus
1034 2440 1123 2490 notae
1139 2439 1170 2490 et

195 2515 331 2588 volgaris
354 2516 531 2573 clementiae
549 2516 721 2575 habuisset:
746 2516 790 2573 sic
805 2523 926 2573 servata
941 2514 1052 2572 tralatis
1068 2514 1169 2572 tabula

196 2605 226 2656 et
245 2598 420 2671 exemplum
442 2599 568 2659 duarum
590 2600 708 2658 urbium
731 2598 795 2655 suit.
832 2598 864 2655 ln
887 2603 968 2655 lanta
990 2596 1197 2654 contusione4

197 2688 306 2755 captae
328 2681 456 2740 civitatis
478 2698 545 2741 cum
569 2682 627 2741 sibi
650 2681 781 2753 quisque
797 2682 985 2751 consuleret,
1009 2694 1115 2737 omnes
1130 2680 1168 2737 ab

197 2763 247 2822 illa
267 2772 390 2839 praeter
409 2767 582 2839 transfugas
604 2767 754 2837 sugerunt.
790 2770 821 2821 at
839 2763 884 2836 hi,
911 2771 943 2822 ut
964 2764 1168 2834 ostenderent,

197 2862 257 2921 quo
273 2849 376 2907 animo
392 2848 568 2908 iactaesset
584 2847 665 2921 prior
680 2847 731 2905 illa
746 2847 897 2918 transitio,
919 2863 936 2904 a
950 2846 1116 2905 victoribus
1129 2847 1169 2905 ad

197 2932 347 3005 captivam
369 2934 593 3004 transfugerunt
612 2947 776 3005 personam
791 2930 1007 3003 parricidarum
1025 2932 1167 3000 serentes,

197 3014 279 3088 quod
301 3012 332 3071 in
354 3015 404 3073 illo
421 3013 569 3073 beneficio
591 3016 754 3072 niaximum
771 3015 839 3073 fuit:
860 3012 933 3071 tanti
950 3013 1167 3083 iudicaverunt,

198 3113 235 3155 ne
249 3098 373 3157 domina
391 3099 595 3168 occideretur,
617 3099 712 3155 videri
729 3098 880 3156 dominam
903 3096 1064 3154 occidisse.
1101 3097 1166 3153 Non
1208 3105 1214 3110 ·

200 3187 258 3254 est,
273 3181 347 3239 mihi
363 3181 468 3253 crede,
484 3198 544 3239 non
561 3190 607 3241 est
624 3182 744 3240 servitis
761 3178 869 3248 animi,
885 3178 1039 3249 egregium
1056 3178 1167 3235 laetum

201 3264 278 3323 lama
290 3264 416 3323 sceleris
430 3265 552 3323 emisse.
585 3265 719 3335 Vettius,
743 3268 864 3336 praetor
874 3261 1059 3331 Marsorum,
1076 3260 1195 3322 duce-5

200 3344 285 3406 batur
307 3348 346 3405 ad
365 3348 534 3406 Romanum
557 3350 780 3421 imperatorem.
814 3360 924 3403 servus
949 3344 1014 3401 eius
1035 3344 1168 3415 gladium

202 3430 280 3489 militi
296 3428 371 3504 ipsi,
396 3447 414 3489 a
429 3448 489 3504 quo
505 3432 692 3500 trahebatur,
709 3428 814 3487 eduxit
829 3438 859 3487 et
871 3428 1000 3501 primum
1013 3426 1167 3483 dominum

204 3514 323 3586 occidit,
346 3514 472 3572 deinde:
496 3521 607 3589 tempus
621 3523 675 3584 est,
694 3513 807 3585 inquit,
822 3512 1168 3570 mectmlblconsulere:

204 3599 258 3657 inm
278 3598 427 3656 dominam
448 3602 612 3659 manumisi.
649 3604 741 3672 atque
761 3595 803 3654 ita
824 3610 858 3655 se
879 3608 938 3653 uno
961 3592 1022 3650 ictu
1043 3592 1167 3651 traiecit.

242 3700 343 3738 seneca
356 3700 426 3737 narrt.
443 3685 475 3739 ll·
991 3683 1010 3736 4
