2942 4384
379 466 428 528 na
450 466 662 528 cananeus
684 433 820 527 matu.
842 474 939 527 1-4.
1100 465 1140 528 at

164 620 216 681 sit.
252 618 329 677 Nam
350 618 376 678 si
396 618 562 692 recipiendi
585 635 641 692 spe
661 618 875 691 tribueremus,
902 620 1141 693 locupletissimo

166 703 298 777 cuique,
322 718 383 761 non
399 701 577 774 dignissimo
591 702 743 760 daremus
767 717 847 760 nunc
858 717 931 761 vero
944 702 1027 761 diviti
1039 703 1140 776 inpor—

165 793 242 847 tuno
260 800 426 859 pauperem
443 786 659 859 praeferamus.
681 801 740 843 non
754 793 801 844 est
812 783 993 843 beneficium
1008 786 1090 860 quod
1102 786 1142 843 ad

168 871 322 930 fortunam
337 874 464 941 spectat.
500 867 674 936 Praeterea,
691 868 716 925 si
729 874 763 926 ut
774 868 992 941 prodessemus
1006 870 1071 927 sola
1084 878 1170 929 nost

167 953 312 1011 invitaret
331 951 460 1023 utilitaS‚
483 949 603 1009 minime
627 950 775 1008 beneficia
791 952 972 1009 distribuere
988 952 1141 1024 deberent,

168 1036 221 1110 qut
248 1035 389 1093 facillime
414 1041 557 1106 possent,
585 1034 754 1107 locupletes
780 1041 810 1092 et
836 1040 977 1107 potentes
1003 1044 1032 1093 et
1052 1051 1142 1108 reges

169 1118 271 1178 aliena
296 1132 356 1189 ope
380 1132 441 1175 non
467 1116 646 1189 indigentes
694 1116 731 1174 di
762 1133 854 1176 vero
888 1124 943 1176 tot
972 1134 1141 1190 munera,

171 1217 253 1276 quae
280 1200 365 1258 sine
391 1200 684 1259 intermissione
715 1198 855 1258 diebus
888 1215 929 1257 ac
960 1201 1142 1259 noctibus

170 1284 351 1356 fundunt,
380 1298 441 1342 non
463 1282 578 1341 darent.
612 1284 641 1339 in
664 1283 765 1340 omnia
785 1283 862 1339 enim
885 1282 943 1341 illis
965 1292 1072 1343 natura
1087 1300 1143 1341 sua

172 1366 285 1426 sullicit
306 1366 477 1439 plenosque
498 1374 527 1425 et
546 1373 626 1424 tutos
648 1371 678 1423 et
693 1365 882 1423 inviolabiles
899 1373 1048 1438 praestat:
1070 1367 1142 1424 nulli

172 1463 245 1523 crgo
268 1448 450 1508 beneficium
471 1449 598 1519 dabunt,
622 1448 648 1507 si
670 1464 729 1506 una
752 1447 843 1505 dandi
867 1463 961 1506 eausa
982 1456 1029 1507 est
1050 1464 1084 1507 se
1100 1450 1143 1506 in·

174 1532 249 1592 tueri
273 1547 310 1591 ac
331 1548 420 1590 suurn
442 1533 644 1590 commodum.
679 1531 763 1589 Istud
785 1547 844 1589 non
867 1531 1063 1602 beneficium,
1088 1531 1172 1595 seda

173 1616 260 1675 lenus
275 1622 339 1687 cst,
363 1614 598 1688 circumspicere
615 1631 675 1673 non
692 1615 743 1673 ubi
759 1614 871 1687 optime
888 1630 999 1688 ponas,
1023 1615 1076 1674 sed
1093 1615 1144 1673 ubi

175 1698 448 1773 quaestuosissime
462 1697 593 1770 habeas,
612 1699 693 1755 unde
705 1699 845 1756 facillime
856 1699 956 1757 tollas.
979 1699 1143 1772 quodcum

175 1783 263 1857 longe
277 1799 297 1841 a
312 1782 359 1840 dis
373 1789 519 1840 remotum
535 1782 587 1852 sit,
611 1781 747 1853 sequitur
764 1782 804 1839 uti
822 1780 962 1839 liberales
977 1782 1052 1841 sinu
1074 1797 1144 1839 nam

176 1866 199 1925 si
219 1882 282 1925 una
302 1864 444 1924 beneficii
463 1864 553 1923 dandi
573 1879 666 1923 causa
682 1864 726 1930 ⁵sit
741 1865 840 1922 dantis
854 1865 964 1923 utilitas
980 1866 1076 1934 (nulla
1091 1881 1143 1922 au·

176 1957 231 2009 tem
253 1963 291 2007 ex
307 1948 396 2008 nobis
412 1947 522 2007 utilitas
539 1948 597 2007 deo
614 1947 768 2021 speranda
783 1952 857 2019 est),
879 1948 960 2006 nulla
976 1949 1034 2007 deo
1051 1948 1143 2006 dandi

177 2030 316 2093 beneficii
330 2046 425 2091 causa
440 2038 495 2089 est.

183 2121 194 2130 “
233 2116 286 2173 tv.
316 2115 387 2173 Scio
410 2115 484 2187 quid
505 2114 563 2172 hoc
584 2115 652 2173 loco
673 2114 912 2187 respondeatur:
941 2115 1063 2187 „itaque
1082 2122 1169 2172 nont

177 2198 317 2257 datdeus
333 2197 495 2269 beneficia,
512 2197 567 2256 sed
579 2212 705 2256 securus
718 2205 748 2256 et
760 2198 926 2271 neglegens
938 2197 1042 2268 nostri,
1058 2212 1143 2254 aver·

179 2297 228 2341 sus
245 2281 392 2340 amando
408 2281 488 2339 aliud
504 2280 564 2353 agit
579 2288 644 2352 aut,
667 2296 746 2354 quae
761 2280 893 2339 niaxima
907 2280 1039 2355 Epicuro
1052 2280 1143 2338 letici-

147 2385 150 2444 ζ
178 2370 219 2424 tas
235 2364 369 2434 videtur,
392 2363 465 2422 nihil
481 2364 542 2435 agit
556 2379 612 2423 nec
627 2364 723 2437 magis
740 2365 823 2422 illurn
834 2364 983 2423 beneficia
996 2379 1085 2437 quam
1100 2363 1143 2421 in·

147 2447 149 2458 '
179 2444 268 2507 iuriae
289 2452 446 2521 tangunt.“
479 2446 545 2505 Hoc
567 2447 618 2520 qui
641 2447 712 2506 dicit
732 2464 794 2506 non
818 2448 942 2507 exaudit
959 2449 1174 2522 precantiuma

178 2546 266 2591 voces
283 2539 313 2591 et
327 2532 462 2605 undique
479 2531 605 2590 sublatis
623 2529 652 2588 in
669 2531 787 2590 coelum
799 2531 938 2590 manibus
952 2530 1144 2590 votalacien·

174 2613 245 2673 tium
260 2615 382 2689 privata
397 2630 432 2673 ae
449 2614 580 2687 publica.
611 2614 694 2687 quod
709 2614 848 2687 prolecto
865 2630 926 2672 non
941 2615 1028 2673 fieret
1042 2628 1099 2670 nec
1113 2615 1143 2671 in

180 2695 254 2757 lunc
273 2699 408 2758 lurorem
431 2712 537 2756 omnes
552 2697 695 2756 mortales
712 2697 944 2755 consensissent
959 2695 1144 2767 adloquendi

182 2781 268 2840 surda
280 2782 406 2841 numina
420 2788 450 2839 et
467 2779 642 2839 inefficaces
658 2780 750 2852 deos,
773 2779 830 2837 nisi
846 2795 1009 2839 nossemus
1026 2778 1144 2837 illorum

181 2861 323 2923 beneficia
336 2879 418 2923 nunc
434 2863 535 2923 oblata
549 2865 643 2934 ultro,
661 2879 742 2922 nunc
757 2864 914 2923 orantibus
927 2864 1011 2934 data,
1026 2878 1144 2935 magna,

181 2948 363 3021 tempestiva,
378 2947 517 3021 ingentes
529 2947 627 3005 minas
640 2947 808 3005 interventu
821 2962 877 3005 suo
890 2947 1047 3006 solventia.
1072 2946 1144 3018 Quis
1157 2950 1173 3003 3

181 3038 223 3092 est
234 3038 336 3090 autem
351 3038 411 3089 tarn
426 3030 533 3103 miser,
556 3037 615 3088 tam
632 3031 804 3103 neglectus,
829 3031 897 3103 quis
912 3037 972 3088 tam
988 3030 1064 3087 duro
1085 3031 1144 3087 lato

181 3121 206 3172 et
222 3115 252 3172 in
272 3130 404 3188 poenam
419 3115 553 3187 genitus,
575 3120 683 3172 utnon
699 3120 811 3173 tantam
828 3114 953 3172 deorum
971 3112 1145 3170 munificen-

180 3196 243 3256 tiam
264 3198 419 3256 senserim
456 3197 546 3271 lpsos
567 3196 636 3256 illos
653 3199 868 3270 conplorentes
886 3204 997 3254 sortem
1015 3199 1146 3251 suamet

181 3282 318 3354 querulos
334 3282 548 3354 circumspice=
570 3279 707 3338 invenies
724 3295 784 3337 non
800 3294 838 3336 ex
854 3285 915 3336 toto
927 3277 1144 3335 beneficiorum

180 3363 353 3423 coelestium
365 3377 524 3438 expertae,
540 3364 689 3422 neminem
702 3377 788 3431 esse,
804 3360 841 3418 ad
856 3376 946 3433 quem
959 3376 1018 3418 non
1032 3356 1146 3431 aliquid

180 3459 211 3505 ex
231 3448 284 3505 illo
308 3447 528 3520 benignissimo
550 3448 632 3506 sonte
649 3445 824 3503 manaverit.
861 3443 968 3502 Parum
985 3452 1032 3501 est
1047 3450 1146 3500 autem

179 3528 219 3601 id,
239 3531 326 3605 quod
344 3530 538 3591 nascentibus
555 3544 709 3604 exaequo
726 3526 936 3587 distribuitur?
956 3535 988 3589 ut
1004 3539 1082 3599 quae
1098 3538 1145 3582 se·
1177 3559 1180 3563 ι

179 3621 309 3686 quantur
319 3614 472 3688 inaequali
485 3613 662 3687 dispensata
673 3627 817 3671 mensura
828 3619 1027 3690 transeamus,
1040 3623 1148 3683 parum

178 3696 257 3757 dedit
272 3703 397 3772 natura,
419 3713 488 3757 curn
503 3712 536 3756 se
552 3696 655 3756 dedit?
