<?xml version="1.0" encoding="UTF-8"?>
<!DOCTYPE html PUBLIC "-//W3C//DTD XHTML 1.0 Transitional//EN"
    "http://www.w3.org/TR/xhtml1/DTD/xhtml1-transitional.dtd">
<html xmlns="http://www.w3.org/1999/xhtml" xml:lang="en" lang="en">
 <head>
  <title>
</title>
<meta http-equiv="Content-Type" content="text/html;charset=utf-8" />
  <meta name='ocr-system' content='tesseract 3.04.00' />
  <meta name='ocr-capabilities' content='ocr_page ocr_carea ocr_par ocr_line ocrx_word'/>
</head>
<body>
  <div class='ocr_page' id='page_1' title='image "./lannaeisenecaeo07senegoog_0136.png"; bbox 0 0 2942 4384; ppageno 0'>
   <div class='ocr_carea' id='block_1_1' title="bbox 267 401 950 470">
    <p class='ocr_par' dir='ltr' id='par_1_1' title="bbox 267 401 950 470">
     <span class='ocr_line' id='line_1_1' title="bbox 267 401 950 470; baseline -0.012 0"><span class='ocrx_word' id='word_1_1' title='bbox 267 404 330 470; x_wconf 79' lang='lat'><strong>124</strong></span> <span class='ocrx_word' id='word_1_2' title='bbox 550 403 585 465; x_wconf 89' lang='lat' dir='ltr'><strong>L.</strong></span> <span class='ocrx_word' id='word_1_3' title='bbox 606 401 753 464; x_wconf 81' lang='lat' dir='ltr'><strong>ANNAEI</strong></span> <span class='ocrx_word' id='word_1_4' title='bbox 775 401 950 464; x_wconf 79' lang='lat' dir='ltr'><strong>SENECAE</strong></span> 
     </span>
    </p>
   </div>
   <div class='ocr_carea' id='block_1_2' title="bbox 228 555 1276 2123">
    <p class='ocr_par' dir='ltr' id='par_1_2' title="bbox 228 555 1276 2123">
     <span class='ocr_line' id='line_1_2' title="bbox 265 555 1236 634; baseline -0.001 -14"><span class='ocrx_word' id='word_1_5' title='bbox 265 559 408 631; x_wconf 84' lang='lat' dir='ltr'><strong>luissent,</strong></span> <span class='ocrx_word' id='word_1_6' title='bbox 427 563 554 618; x_wconf 88' lang='grc'><strong>3333333</strong></span> <span class='ocrx_word' id='word_1_7' title='bbox 569 561 689 617; x_wconf 66' lang='grc'><strong>333333*</strong></span> <span class='ocrx_word' id='word_1_8' title='bbox 723 555 853 616; x_wconf 86' lang='lat' dir='ltr'><strong>Primum</strong></span> <span class='ocrx_word' id='word_1_9' title='bbox 871 562 985 617; x_wconf 88' lang='lat' dir='ltr'><strong>certum</strong></span> <span class='ocrx_word' id='word_1_10' title='bbox 1001 555 1074 617; x_wconf 87' lang='lat' dir='ltr'><strong>mrln</strong></span> <span class='ocrx_word' id='word_1_11' title='bbox 1088 565 1177 633; x_wconf 83' lang='lat' dir='ltr'><strong>optas</strong></span> <span class='ocrx_word' id='word_1_12' title='bbox 1189 574 1236 634; x_wconf 88' lang='lat' dir='ltr'><strong>pe</strong></span> 
     </span>
     <span class='ocr_line' id='line_1_3' title="bbox 264 639 1276 716; baseline -0.001 -14"><span class='ocrx_word' id='word_1_13' title='bbox 264 644 393 702; x_wconf 87' lang='lat' dir='ltr'><strong>riculnm</strong></span> <span class='ocrx_word' id='word_1_14' title='bbox 415 641 471 700; x_wconf 88' lang='lat' dir='ltr'><strong>sub</strong></span> <span class='ocrx_word' id='word_1_15' title='bbox 493 642 607 701; x_wconf 87' lang='lat' dir='ltr'><strong>incerto</strong></span> <span class='ocrx_word' id='word_1_16' title='bbox 634 639 757 700; x_wconf 88' lang='lat' dir='ltr'><strong>auxilio.</strong></span> <span class='ocrx_word' id='word_1_17' title='bbox 798 639 915 699; x_wconf 81' lang='lat' dir='ltr'>Deinde</span> <span class='ocrx_word' id='word_1_18' title='bbox 940 647 1103 716; x_wconf 86' lang='lat' dir='ltr'><strong>utrumque</strong></span> <span class='ocrx_word' id='word_1_19' title='bbox 1128 642 1276 701; x_wconf 84' lang='grc' dir='ltr'><strong>3333333Ι</strong></span> <span class='ocrx_word' id='word_1_20' title='bbox 1273 662 1276 667; x_wconf 96' lang='grc'><strong><em>·</em></strong></span> 
     </span>
     <span class='ocr_line' id='line_1_4' title="bbox 238 722 1276 801; baseline -0.004 -15"><span class='ocrx_word' id='word_1_21' title='bbox 238 732 356 801; x_wconf 74' lang='lat' dir='ltr'><strong>apulae</strong></span> <span class='ocrx_word' id='word_1_22' title='bbox 379 725 463 797; x_wconf 91' lang='lat' dir='ltr'><strong>quod</strong></span> <span class='ocrx_word' id='word_1_23' title='bbox 484 729 573 782; x_wconf 87' lang='grc'><strong>33333</strong></span> <span class='ocrx_word' id='word_1_24' title='bbox 593 722 678 798; x_wconf 88' lang='grc'><strong>33333</strong></span> <span class='ocrx_word' id='word_1_25' title='bbox 698 730 754 782; x_wconf 87' lang='grc'><strong>333.</strong></span> <span class='ocrx_word' id='word_1_26' title='bbox 792 722 953 782; x_wconf 87' lang='lat' dir='ltr'><strong>Praeterea</strong></span> <span class='ocrx_word' id='word_1_27' title='bbox 974 730 1005 782; x_wconf 91' lang='lat' dir='ltr'><strong>tu</strong></span> <span class='ocrx_word' id='word_1_28' title='bbox 1028 723 1235 784; x_wconf 79' lang='lat' dir='ltr'><strong>condicionem</strong></span> <span class='ocrx_word' id='word_1_29' title='bbox 1274 744 1276 750; x_wconf 94' lang='lat'>·</span> 
     </span>
     <span class='ocr_line' id='line_1_5' title="bbox 268 805 1276 882; baseline -0.002 -14"><span class='ocrx_word' id='word_1_30' title='bbox 268 808 329 867; x_wconf 89' lang='lat' dir='ltr'><strong>voti</strong></span> <span class='ocrx_word' id='word_1_31' title='bbox 352 806 393 866; x_wconf 94' lang='lat' dir='ltr'><strong>tui</strong></span> <span class='ocrx_word' id='word_1_32' title='bbox 414 805 509 866; x_wconf 88' lang='lat' dir='ltr'><strong>nosti.</strong></span> <span class='ocrx_word' id='word_1_33' title='bbox 536 821 584 864; x_wconf 90' lang='lat' dir='ltr'><strong>me</strong></span> <span class='ocrx_word' id='word_1_34' title='bbox 606 812 771 879; x_wconf 76' lang='lat' dir='ltr'><strong>tempestas</strong></span> <span class='ocrx_word' id='word_1_35' title='bbox 794 806 955 879; x_wconf 89' lang='lat' dir='ltr'><strong>occupavit</strong></span> <span class='ocrx_word' id='word_1_36' title='bbox 976 813 1086 879; x_wconf 85' lang='lat' dir='ltr'><strong>portus</strong></span> <span class='ocrx_word' id='word_1_37' title='bbox 1101 822 1139 866; x_wconf 97' lang='grc'><strong>33</strong></span> <span class='ocrx_word' id='word_1_38' title='bbox 1156 821 1236 882; x_wconf 88' lang='lat' dir='ltr'><strong>prae·</strong></span> <span class='ocrx_word' id='word_1_39' title='bbox 1256 816 1276 834; x_wconf 87' lang='lat'><strong>··</strong></span> 
     </span>
     <span class='ocr_line' id='line_1_6' title="bbox 269 887 1276 962; baseline -0.001 -13"><span class='ocrx_word' id='word_1_40' title='bbox 269 891 338 950; x_wconf 90' lang='lat' dir='ltr'><strong>sidii</strong></span> <span class='ocrx_word' id='word_1_41' title='bbox 352 889 485 948; x_wconf 92' lang='lat' dir='ltr'><strong>dubium.</strong></span> <span class='ocrx_word' id='word_1_42' title='bbox 507 894 651 962; x_wconf 89' lang='lat' dir='ltr'><strong>quantum</strong></span> <span class='ocrx_word' id='word_1_43' title='bbox 666 887 823 947; x_wconf 79' lang='lat' dir='ltr'>existimas</span> <span class='ocrx_word' id='word_1_44' title='bbox 839 895 1036 961; x_wconf 86' lang='lat' dir='ltr'><strong>tormentum,</strong></span> <span class='ocrx_word' id='word_1_45' title='bbox 1057 891 1178 950; x_wconf 84' lang='lat' dir='ltr'><strong>etiarnsi</strong></span> <span class='ocrx_word' id='word_1_46' title='bbox 1192 903 1235 948; x_wconf 89' lang='lat' dir='ltr'><strong>ac·</strong></span> <span class='ocrx_word' id='word_1_47' title='bbox 1275 912 1276 917; x_wconf 45' lang='lat'>¹</span> 
     </span>
     <span class='ocr_line' id='line_1_7' title="bbox 268 971 1276 1048; baseline -0.001 -17"><span class='ocrx_word' id='word_1_48' title='bbox 268 988 396 1046; x_wconf 89' lang='lat' dir='ltr'><strong>cepero,</strong></span> <span class='ocrx_word' id='word_1_49' title='bbox 427 971 576 1044; x_wconf 75' lang='lat' dir='ltr'><strong>eguisset</strong></span> <span class='ocrx_word' id='word_1_50' title='bbox 611 971 727 1029; x_wconf 86' lang='lat' dir='ltr'><strong>etiarnsi</strong></span> <span class='ocrx_word' id='word_1_51' title='bbox 751 979 892 1030; x_wconf 86' lang='lat' dir='ltr'><strong>servatus</strong></span> <span class='ocrx_word' id='word_1_52' title='bbox 916 971 1022 1044; x_wconf 88' lang='lat' dir='ltr'><strong>luero,</strong></span> <span class='ocrx_word' id='word_1_53' title='bbox 1051 973 1237 1048; x_wconf 70' lang='lat' dir='ltr'><strong>trepidasse?</strong></span> <span class='ocrx_word' id='word_1_54' title='bbox 1273 996 1276 1000; x_wconf 95' lang='lat'>·</span> 
     </span>
     <span class='ocr_line' id='line_1_8' title="bbox 268 1054 1235 1125; baseline 0 -11"><span class='ocrx_word' id='word_1_55' title='bbox 268 1054 386 1114; x_wconf 87' lang='lat' dir='ltr'><strong>etiamsi</strong></span> <span class='ocrx_word' id='word_1_56' title='bbox 407 1054 566 1113; x_wconf 90' lang='lat' dir='ltr'><strong>absolutus</strong></span> <span class='ocrx_word' id='word_1_57' title='bbox 581 1054 681 1125; x_wconf 89' lang='lat' dir='ltr'><strong>luero,</strong></span> <span class='ocrx_word' id='word_1_58' title='bbox 704 1069 828 1112; x_wconf 88' lang='lat' dir='ltr'><strong>causam</strong></span> <span class='ocrx_word' id='word_1_59' title='bbox 844 1054 983 1113; x_wconf 72' lang='lat' dir='ltr'><strong>dixisset</strong></span> <span class='ocrx_word' id='word_1_60' title='bbox 1009 1054 1129 1114; x_wconf 82' lang='lat' dir='ltr'><strong>Nullius</strong></span> <span class='ocrx_word' id='word_1_61' title='bbox 1144 1062 1235 1114; x_wconf 88' lang='lat' dir='ltr'><strong>metus</strong></span> 
     </span>
     <span class='ocr_line' id='line_1_9' title="bbox 228 1136 1234 1211; baseline 0 -15"><span class='ocrx_word' id='word_1_62' title='bbox 228 1176 230 1183; x_wconf 88' lang='lat'>-</span> <span class='ocrx_word' id='word_1_63' title='bbox 267 1145 328 1196; x_wconf 90' lang='lat' dir='ltr'><strong>tam</strong></span> <span class='ocrx_word' id='word_1_64' title='bbox 349 1144 454 1211; x_wconf 84' lang='lat' dir='ltr'><strong>gratus</strong></span> <span class='ocrx_word' id='word_1_65' title='bbox 474 1144 521 1196; x_wconf 89' lang='lat' dir='ltr'><strong>est</strong></span> <span class='ocrx_word' id='word_1_66' title='bbox 540 1136 625 1209; x_wconf 90' lang='lat' dir='ltr'><strong>finis,</strong></span> <span class='ocrx_word' id='word_1_67' title='bbox 647 1143 680 1195; x_wconf 87' lang='lat' dir='ltr'><strong>ut</strong></span> <span class='ocrx_word' id='word_1_68' title='bbox 700 1151 761 1195; x_wconf 94' lang='lat' dir='ltr'><strong>non</strong></span> <span class='ocrx_word' id='word_1_69' title='bbox 781 1137 895 1210; x_wconf 81' lang='lat' dir='ltr'>gratior</span> <span class='ocrx_word' id='word_1_70' title='bbox 915 1138 954 1195; x_wconf 91' lang='lat' dir='ltr'><strong>sit</strong></span> <span class='ocrx_word' id='word_1_71' title='bbox 974 1138 1076 1197; x_wconf 90' lang='lat' dir='ltr'><strong>solida</strong></span> <span class='ocrx_word' id='word_1_72' title='bbox 1091 1147 1122 1199; x_wconf 87' lang='grc'><strong>33</strong></span> <span class='ocrx_word' id='word_1_73' title='bbox 1139 1138 1234 1198; x_wconf 89' lang='lat' dir='ltr'><strong>incon·</strong></span> 
     </span>
     <span class='ocr_line' id='line_1_10' title="bbox 239 1218 1233 1295; baseline -0.005 -11"><span class='ocrx_word' id='word_1_74' title='bbox 239 1231 361 1284; x_wconf 84' lang='grc'><strong>333333</strong></span> <span class='ocrx_word' id='word_1_75' title='bbox 378 1221 537 1280; x_wconf 82' lang='lat' dir='ltr'>securitas.</span> <span class='ocrx_word' id='word_1_76' title='bbox 570 1218 647 1293; x_wconf 87' lang='lat' dir='ltr'><strong>Opta</strong></span> <span class='ocrx_word' id='word_1_77' title='bbox 661 1225 694 1277; x_wconf 89' lang='lat' dir='ltr'><strong>ut</strong></span> <span class='ocrx_word' id='word_1_78' title='bbox 706 1219 837 1278; x_wconf 82' lang='lat' dir='ltr'><strong>reddere</strong></span> <span class='ocrx_word' id='word_1_79' title='bbox 848 1219 921 1278; x_wconf 84' lang='lat' dir='ltr'><strong>milri</strong></span> <span class='ocrx_word' id='word_1_80' title='bbox 932 1220 1115 1279; x_wconf 85' lang='lat' dir='ltr'><strong>beneficium</strong></span> <span class='ocrx_word' id='word_1_81' title='bbox 1127 1220 1233 1295; x_wconf 91' lang='lat' dir='ltr'><strong>possis,</strong></span> 
     </span>
     <span class='ocr_line' id='line_1_11' title="bbox 269 1300 1276 1380; baseline -0.002 -17"><span class='ocrx_word' id='word_1_82' title='bbox 269 1319 337 1363; x_wconf 93' lang='lat' dir='ltr'><strong>cum</strong></span> <span class='ocrx_word' id='word_1_83' title='bbox 354 1319 434 1377; x_wconf 89' lang='lat' dir='ltr'><strong>opus</strong></span> <span class='ocrx_word' id='word_1_84' title='bbox 449 1303 518 1375; x_wconf 92' lang='lat' dir='ltr'><strong>erit,</strong></span> <span class='ocrx_word' id='word_1_85' title='bbox 541 1318 601 1362; x_wconf 91' lang='lat' dir='ltr'><strong>non</strong></span> <span class='ocrx_word' id='word_1_86' title='bbox 618 1309 652 1361; x_wconf 84' lang='lat' dir='ltr'><strong>ut</strong></span> <span class='ocrx_word' id='word_1_87' title='bbox 662 1318 740 1376; x_wconf 93' lang='lat' dir='ltr'><strong>opus</strong></span> <span class='ocrx_word' id='word_1_88' title='bbox 756 1301 804 1362; x_wconf 91' lang='lat' dir='ltr'><strong>sit.</strong></span> <span class='ocrx_word' id='word_1_89' title='bbox 842 1300 874 1362; x_wconf 86' lang='lat' dir='ltr'><strong>Si</strong></span> <span class='ocrx_word' id='word_1_90' title='bbox 890 1303 1014 1362; x_wconf 87' lang='lat' dir='ltr'><strong>essetin</strong></span> <span class='ocrx_word' id='word_1_91' title='bbox 1026 1310 1079 1362; x_wconf 91' lang='lat' dir='ltr'><strong>tua</strong></span> <span class='ocrx_word' id='word_1_92' title='bbox 1091 1310 1234 1380; x_wconf 86' lang='lat' dir='ltr'><strong>potestate</strong></span> <span class='ocrx_word' id='word_1_93' title='bbox 1266 1322 1276 1361; x_wconf 68' lang='lat'><em>5</em></span> 
     </span>
     <span class='ocr_line' id='line_1_12' title="bbox 269 1386 1273 1461; baseline -0.005 -15"><span class='ocrx_word' id='word_1_94' title='bbox 269 1387 352 1461; x_wconf 89' lang='lat' dir='ltr'><strong>quod</strong></span> <span class='ocrx_word' id='word_1_95' title='bbox 368 1394 472 1460; x_wconf 85' lang='grc'><strong>33333,</strong></span> <span class='ocrx_word' id='word_1_96' title='bbox 495 1387 563 1459; x_wconf 87' lang='grc'><strong>3333</strong></span> <span class='ocrx_word' id='word_1_97' title='bbox 577 1386 716 1445; x_wconf 84' lang='lat' dir='ltr'><strong>fecisses.</strong></span> <span class='ocrx_word' id='word_1_98' title='bbox 1268 1389 1273 1399; x_wconf 85' lang='lat'>&#39;</span> 
     </span>
     <span class='ocr_line' id='line_1_13' title="bbox 241 1468 1276 1544; baseline -0.007 -11"><span class='ocrx_word' id='word_1_99' title='bbox 241 1483 255 1533; x_wconf 94' lang='lat'>1</span> <span class='ocrx_word' id='word_1_100' title='bbox 309 1470 433 1528; x_wconf 46' lang='lat' dir='ltr'><strong>*XXlX</strong></span> <span class='ocrx_word' id='word_1_101' title='bbox 463 1468 579 1542; x_wconf 80' lang='lat' dir='ltr'><strong>Quanto</strong></span> <span class='ocrx_word' id='word_1_102' title='bbox 595 1468 653 1527; x_wconf 83' lang='lat' dir='ltr'><strong>noe</strong></span> <span class='ocrx_word' id='word_1_103' title='bbox 668 1469 828 1528; x_wconf 89' lang='lat' dir='ltr'><strong>honestius</strong></span> <span class='ocrx_word' id='word_1_104' title='bbox 842 1476 945 1528; x_wconf 86' lang='lat' dir='ltr'><strong>votum</strong></span> <span class='ocrx_word' id='word_1_105' title='bbox 961 1475 1023 1529; x_wconf 89' lang='lat' dir='ltr'><strong>est·</strong></span> <span class='ocrx_word' id='word_1_106' title='bbox 1048 1475 1144 1544; x_wconf 92' lang='lat' dir='ltr'><strong>opto</strong></span> <span class='ocrx_word' id='word_1_107' title='bbox 1159 1469 1187 1528; x_wconf 92' lang='lat' dir='ltr'><strong>iu</strong></span> <span class='ocrx_word' id='word_1_108' title='bbox 1200 1482 1233 1527; x_wconf 89' lang='lat' dir='ltr'><strong>eo</strong></span> <span class='ocrx_word' id='word_1_109' title='bbox 1266 1486 1276 1527; x_wconf 68' lang='grc'><strong>3</strong></span> 
     </span>
     <span class='ocr_line' id='line_1_14' title="bbox 270 1549 1233 1626; baseline -0.002 -15"><span class='ocrx_word' id='word_1_110' title='bbox 270 1559 350 1612; x_wconf 90' lang='lat' dir='ltr'><strong>statu</strong></span> <span class='ocrx_word' id='word_1_111' title='bbox 364 1553 415 1626; x_wconf 91' lang='lat' dir='ltr'><strong>sit,</strong></span> <span class='ocrx_word' id='word_1_112' title='bbox 439 1566 500 1626; x_wconf 89' lang='lat' dir='ltr'><strong>quo</strong></span> <span class='ocrx_word' id='word_1_113' title='bbox 516 1566 638 1624; x_wconf 84' lang='lat' dir='ltr'><strong>semper</strong></span> <span class='ocrx_word' id='word_1_114' title='bbox 651 1552 799 1611; x_wconf 82' lang='lat' dir='ltr'><strong>beneficia</strong></span> <span class='ocrx_word' id='word_1_115' title='bbox 811 1552 985 1626; x_wconf 88' lang='lat' dir='ltr'><strong>distribuat,</strong></span> <span class='ocrx_word' id='word_1_116' title='bbox 1008 1568 1175 1626; x_wconf 84' lang='lat' dir='ltr'><strong>numquam</strong></span> <span class='ocrx_word' id='word_1_117' title='bbox 1188 1549 1233 1610; x_wconf 76' lang='lat' dir='ltr'><strong>de</strong></span> 
     </span>
     <span class='ocr_line' id='line_1_15' title="bbox 269 1634 1276 1709; baseline -0.002 -16"><span class='ocrx_word' id='word_1_118' title='bbox 269 1635 392 1693; x_wconf 80' lang='lat' dir='ltr'><strong>siderei.</strong></span> <span class='ocrx_word' id='word_1_119' title='bbox 422 1639 568 1707; x_wconf 87' lang='lat' dir='ltr'><strong>sequatur</strong></span> <span class='ocrx_word' id='word_1_120' title='bbox 589 1634 670 1693; x_wconf 93' lang='lat' dir='ltr'><strong>illum</strong></span> <span class='ocrx_word' id='word_1_121' title='bbox 692 1634 832 1705; x_wconf 85' lang='lat' dir='ltr'><strong>materia,</strong></span> <span class='ocrx_word' id='word_1_122' title='bbox 856 1650 916 1709; x_wconf 89' lang='grc'><strong>333</strong></span> <span class='ocrx_word' id='word_1_123' title='bbox 930 1641 989 1694; x_wconf 87' lang='lat' dir='ltr'><strong>tam</strong></span> <span class='ocrx_word' id='word_1_124' title='bbox 1006 1634 1233 1709; x_wconf 83' lang='lat' dir='ltr'><strong>benigneutitur</strong></span> <span class='ocrx_word' id='word_1_125' title='bbox 1264 1648 1276 1695; x_wconf 74' lang='lat'><strong>:3</strong></span> 
     </span>
     <span class='ocr_line' id='line_1_16' title="bbox 268 1715 1276 1807; baseline -0.001 -32"><span class='ocrx_word' id='word_1_126' title='bbox 268 1717 425 1790; x_wconf 85' lang='lat' dir='ltr'><strong>largiendo</strong></span> <span class='ocrx_word' id='word_1_127' title='bbox 441 1717 651 1789; x_wconf 72' lang='lat' dir='ltr'><strong>lavacroque,</strong></span> <span class='ocrx_word' id='word_1_128' title='bbox 674 1723 707 1775; x_wconf 89' lang='grc'><strong>33</strong></span> <span class='ocrx_word' id='word_1_129' title='bbox 723 1733 886 1792; x_wconf 84' lang='lat' dir='ltr'><strong>numquam</strong></span> <span class='ocrx_word' id='word_1_130' title='bbox 900 1717 941 1776; x_wconf 94' lang='lat' dir='ltr'><strong>illi</strong></span> <span class='ocrx_word' id='word_1_131' title='bbox 956 1717 996 1776; x_wconf 83' lang='grc'><strong>333</strong></span> <span class='ocrx_word' id='word_1_132' title='bbox 1005 1717 1176 1778; x_wconf 89' lang='lat' dir='ltr'><strong>dandorum</strong></span> <span class='ocrx_word' id='word_1_133' title='bbox 1188 1715 1276 1807; x_wconf 69' lang='lat' dir='ltr'><strong>be4</strong></span> 
     </span>
     <span class='ocr_line' id='line_1_17' title="bbox 268 1798 1276 1895; baseline -0.002 -37"><span class='ocrx_word' id='word_1_134' title='bbox 268 1798 468 1860; x_wconf 86' lang='lat' dir='ltr'><strong>neficiorum&#39;</strong></span> <span class='ocrx_word' id='word_1_135' title='bbox 462 1801 579 1874; x_wconf 78' lang='lat' dir='ltr'><strong>inopia,</strong></span> <span class='ocrx_word' id='word_1_136' title='bbox 602 1799 741 1860; x_wconf 88' lang='lat' dir='ltr'><strong>datorum</strong></span> <span class='ocrx_word' id='word_1_137' title='bbox 762 1799 955 1874; x_wconf 85' lang='lat' dir='ltr'><strong>poenitentia.</strong></span> <span class='ocrx_word' id='word_1_138' title='bbox 983 1806 1123 1860; x_wconf 88' lang='lat' dir='ltr'><strong>naturam</strong></span> <span class='ocrx_word' id='word_1_139' title='bbox 1139 1810 1271 1895; x_wconf 26' lang='lat' dir='ltr'><strong>persc-</strong></span> <span class='ocrx_word' id='word_1_140' title='bbox 1269 1822 1276 1851; x_wconf 64' lang='lat' dir='ltr'><strong>a</strong></span> 
     </span>
     <span class='ocr_line' id='line_1_18' title="bbox 267 1880 1231 1959; baseline -0.002 -19"><span class='ocrx_word' id='word_1_141' title='bbox 267 1900 305 1959; x_wconf 84' lang='lat' dir='ltr'><strong>pr</strong></span> <span class='ocrx_word' id='word_1_142' title='bbox 306 1899 395 1943; x_wconf 91' lang='lat' dir='ltr'><strong>onam</strong></span> <span class='ocrx_word' id='word_1_143' title='bbox 408 1883 447 1942; x_wconf 92' lang='lat' dir='ltr'><strong>ad</strong></span> <span class='ocrx_word' id='word_1_144' title='bbox 461 1883 716 1954; x_wconf 88' lang='lat' dir='ltr'><strong>misericordiam,</strong></span> <span class='ocrx_word' id='word_1_145' title='bbox 738 1883 967 1954; x_wconf 73' lang='lat' dir='ltr'><strong>humanitatem,</strong></span> <span class='ocrx_word' id='word_1_146' title='bbox 991 1880 1201 1942; x_wconf 89' lang='lat' dir='ltr'><strong>clementiam</strong></span> <span class='ocrx_word' id='word_1_147' title='bbox 1195 1895 1231 1938; x_wconf 89' lang='lat' dir='ltr'><strong>m·</strong></span> 
     </span>
     <span class='ocr_line' id='line_1_19' title="bbox 267 1965 1232 2041; baseline -0.003 -16"><span class='ocrx_word' id='word_1_148' title='bbox 267 1967 337 2026; x_wconf 86' lang='grc'><strong>33333</strong></span> <span class='ocrx_word' id='word_1_149' title='bbox 351 1982 387 2025; x_wconf 89' lang='grc'><strong>33</strong></span> <span class='ocrx_word' id='word_1_150' title='bbox 403 1974 550 2041; x_wconf 87' lang='lat' dir='ltr'><strong>provocet</strong></span> <span class='ocrx_word' id='word_1_151' title='bbox 539 1966 651 2025; x_wconf 87' lang='lat' dir='ltr'><strong>ttnrba</strong></span> <span class='ocrx_word' id='word_1_152' title='bbox 664 1973 832 2040; x_wconf 84' lang='lat' dir='ltr'><strong>gratorum,</strong></span> <span class='ocrx_word' id='word_1_153' title='bbox 849 1982 928 2040; x_wconf 93' lang='lat' dir='ltr'><strong>quos</strong></span> <span class='ocrx_word' id='word_1_154' title='bbox 944 1966 985 2025; x_wconf 94' lang='lat' dir='ltr'><strong>illi</strong></span> <span class='ocrx_word' id='word_1_155' title='bbox 998 1972 1028 2024; x_wconf 85' lang='lat' dir='ltr'><strong>et</strong></span> <span class='ocrx_word' id='word_1_156' title='bbox 1041 1965 1158 2025; x_wconf 86' lang='lat' dir='ltr'><strong>habere</strong></span> <span class='ocrx_word' id='word_1_157' title='bbox 1168 1978 1232 2024; x_wconf 84' lang='grc'><strong>333-</strong></span> 
     </span>
     <span class='ocr_line' id='line_1_20' title="bbox 268 2046 1232 2123; baseline -0.005 -14"><span class='ocrx_word' id='word_1_158' title='bbox 268 2051 363 2123; x_wconf 85' lang='lat' dir='ltr'><strong>tingut</strong></span> <span class='ocrx_word' id='word_1_159' title='bbox 382 2064 439 2109; x_wconf 88' lang='lat' dir='ltr'><strong>nee</strong></span> <span class='ocrx_word' id='word_1_160' title='bbox 456 2049 588 2123; x_wconf 86' lang='lat' dir='ltr'><strong>experiri</strong></span> <span class='ocrx_word' id='word_1_161' title='bbox 604 2064 732 2109; x_wconf 88' lang='lat' dir='ltr'><strong>neeesse</strong></span> <span class='ocrx_word' id='word_1_162' title='bbox 748 2051 793 2107; x_wconf 87' lang='grc'><strong>333.</strong></span> <span class='ocrx_word' id='word_1_163' title='bbox 815 2049 883 2122; x_wconf 88' lang='grc'><strong>3333</strong></span> <span class='ocrx_word' id='word_1_164' title='bbox 900 2049 973 2108; x_wconf 90' lang='grc'><strong>33313</strong></span> <span class='ocrx_word' id='word_1_165' title='bbox 987 2047 1179 2122; x_wconf 73' lang='lat' dir='ltr'><strong>inplacabilis</strong></span> <span class='ocrx_word' id='word_1_166' title='bbox 1191 2046 1232 2117; x_wconf 85' lang='lat' dir='ltr'><strong>sit,</strong></span> 
     </span>
    </p>
   </div>
   <div class='ocr_carea' id='block_1_3' title="bbox 268 2129 1231 2207">
    <p class='ocr_par' dir='ltr' id='par_1_3' title="bbox 268 2129 1231 2207">
     <span class='ocr_line' id='line_1_21' title="bbox 268 2129 1231 2207; baseline -0.005 -14"><span class='ocrx_word' id='word_1_167' title='bbox 268 2133 328 2207; x_wconf 89' lang='lat' dir='ltr'><strong>ipsi</strong></span> <span class='ocrx_word' id='word_1_168' title='bbox 348 2147 436 2191; x_wconf 91' lang='lat' dir='ltr'><strong>nemo</strong></span> <span class='ocrx_word' id='word_1_169' title='bbox 459 2132 634 2206; x_wconf 89' lang='lat' dir='ltr'><strong>placandus.</strong></span> <span class='ocrx_word' id='word_1_170' title='bbox 661 2140 720 2191; x_wconf 89' lang='lat' dir='ltr'><strong>tam</strong></span> <span class='ocrx_word' id='word_1_171' title='bbox 742 2131 862 2205; x_wconf 83' lang='lat' dir='ltr'><strong>aequali</strong></span> <span class='ocrx_word' id='word_1_172' title='bbox 876 2132 907 2189; x_wconf 94' lang='lat' dir='ltr'><strong>in</strong></span> <span class='ocrx_word' id='word_1_173' title='bbox 922 2147 991 2190; x_wconf 93' lang='lat' dir='ltr'><strong>eum</strong></span> <span class='ocrx_word' id='word_1_174' title='bbox 1006 2131 1130 2190; x_wconf 79' lang='lat' dir='ltr'><strong>fortuna</strong></span> <span class='ocrx_word' id='word_1_175' title='bbox 1145 2129 1231 2189; x_wconf 89' lang='lat' dir='ltr'><strong>indul-</strong></span> 
     </span>
    </p>
   </div>
   <div class='ocr_carea' id='block_1_4' title="bbox 150 2213 1276 3700">
    <p class='ocr_par' dir='ltr' id='par_1_4' title="bbox 268 2213 1231 2288">
     <span class='ocr_line' id='line_1_22' title="bbox 268 2213 1231 2288; baseline -0.004 -16"><span class='ocrx_word' id='word_1_176' title='bbox 268 2214 369 2288; x_wconf 77' lang='lat' dir='ltr'><strong>gentia</strong></span> <span class='ocrx_word' id='word_1_177' title='bbox 385 2223 574 2286; x_wconf 87' lang='lat' dir='ltr'><strong>perseveret,</strong></span> <span class='ocrx_word' id='word_1_178' title='bbox 597 2220 630 2271; x_wconf 88' lang='lat' dir='ltr'><strong>ut</strong></span> <span class='ocrx_word' id='word_1_179' title='bbox 645 2230 733 2273; x_wconf 88' lang='lat' dir='ltr'><strong>nemo</strong></span> <span class='ocrx_word' id='word_1_180' title='bbox 752 2213 781 2272; x_wconf 94' lang='lat' dir='ltr'><strong>in</strong></span> <span class='ocrx_word' id='word_1_181' title='bbox 800 2214 883 2272; x_wconf 92' lang='lat' dir='ltr'><strong>illum</strong></span> <span class='ocrx_word' id='word_1_182' title='bbox 900 2214 998 2288; x_wconf 88' lang='lat' dir='ltr'><strong>possit</strong></span> <span class='ocrx_word' id='word_1_183' title='bbox 1008 2228 1081 2272; x_wconf 91' lang='lat' dir='ltr'><strong>esse</strong></span> <span class='ocrx_word' id='word_1_184' title='bbox 1097 2214 1155 2274; x_wconf 92' lang='lat' dir='ltr'><strong>nisi</strong></span> <span class='ocrx_word' id='word_1_185' title='bbox 1168 2226 1231 2272; x_wconf 90' lang='lat' dir='ltr'><strong>con·</strong></span> 
     </span>
    </p>

    <p class='ocr_par' dir='ltr' id='par_1_5' title="bbox 239 2295 1231 2536">
     <span class='ocr_line' id='line_1_23' title="bbox 239 2295 1231 2371; baseline -0.01 -11"><span class='ocrx_word' id='word_1_186' title='bbox 239 2295 395 2360; x_wconf 76' lang='lat' dir='ltr'><strong>ascienua</strong></span> <span class='ocrx_word' id='word_1_187' title='bbox 411 2300 547 2369; x_wconf 81' lang='lat' dir='ltr'><strong>gratus.“</strong></span> <span class='ocrx_word' id='word_1_188' title='bbox 579 2295 696 2367; x_wconf 76' lang='lat' dir='ltr'><strong>Quanto</strong></span> <span class='ocrx_word' id='word_1_189' title='bbox 712 2297 788 2355; x_wconf 80' lang='grc'><strong>33333</strong></span> <span class='ocrx_word' id='word_1_190' title='bbox 805 2295 930 2355; x_wconf 86' lang='lat' dir='ltr'><strong>iustiora</strong></span> <span class='ocrx_word' id='word_1_191' title='bbox 943 2303 1106 2370; x_wconf 85' lang='lat' dir='ltr'><strong>votasunt,</strong></span> <span class='ocrx_word' id='word_1_192' title='bbox 1123 2310 1198 2371; x_wconf 87' lang='grc'><strong>3333</strong></span> <span class='ocrx_word' id='word_1_193' title='bbox 1206 2300 1231 2352; x_wconf 88' lang='grc'><strong>33</strong></span> 
     </span>
     <span class='ocr_line' id='line_1_24' title="bbox 268 2377 1229 2452; baseline -0.004 -14"><span class='ocrx_word' id='word_1_194' title='bbox 268 2379 297 2438; x_wconf 85' lang='grc'><strong>33</strong></span> <span class='ocrx_word' id='word_1_195' title='bbox 319 2379 430 2437; x_wconf 90' lang='lat' dir='ltr'><strong>nullam</strong></span> <span class='ocrx_word' id='word_1_196' title='bbox 452 2379 645 2438; x_wconf 84' lang='lat' dir='ltr'><strong>occasionem</strong></span> <span class='ocrx_word' id='word_1_197' title='bbox 667 2380 824 2451; x_wconf 83' lang='lat' dir='ltr'><strong>differunt,</strong></span> <span class='ocrx_word' id='word_1_198' title='bbox 852 2379 908 2439; x_wconf 89' lang='lat' dir='ltr'><strong>sed</strong></span> <span class='ocrx_word' id='word_1_199' title='bbox 929 2386 1046 2452; x_wconf 78' lang='lat' dir='ltr'><strong>gratum</strong></span> <span class='ocrx_word' id='word_1_200' title='bbox 1071 2379 1170 2439; x_wconf 87' lang='lat' dir='ltr'><strong>statim</strong></span> <span class='ocrx_word' id='word_1_201' title='bbox 1193 2377 1229 2435; x_wconf 88' lang='grc'><strong>33·</strong></span> 
     </span>
     <span class='ocr_line' id='line_1_25' title="bbox 269 2459 1231 2536; baseline -0.002 -16"><span class='ocrx_word' id='word_1_202' title='bbox 269 2463 371 2520; x_wconf 75' lang='lat' dir='ltr'><strong>ciunt?</strong></span> <span class='ocrx_word' id='word_1_203' title='bbox 396 2459 470 2536; x_wconf 89' lang='lat' dir='ltr'><strong>quid</strong></span> <span class='ocrx_word' id='word_1_204' title='bbox 495 2462 573 2520; x_wconf 88' lang='lat' dir='ltr'><strong>enim</strong></span> <span class='ocrx_word' id='word_1_205' title='bbox 588 2462 730 2536; x_wconf 86' lang='lat' dir='ltr'><strong>prohibet</strong></span> <span class='ocrx_word' id='word_1_206' title='bbox 750 2464 864 2522; x_wconf 79' lang='lat' dir='ltr'><strong>referre</strong></span> <span class='ocrx_word' id='word_1_207' title='bbox 877 2462 1002 2536; x_wconf 81' lang='lat' dir='ltr'><strong>gratiam</strong></span> <span class='ocrx_word' id='word_1_208' title='bbox 1020 2462 1178 2536; x_wconf 90' lang='lat' dir='ltr'><strong>prosperis</strong></span> <span class='ocrx_word' id='word_1_209' title='bbox 1189 2474 1231 2518; x_wconf 89' lang='lat' dir='ltr'><strong>re·</strong></span> 
     </span>
    </p>

    <p class='ocr_par' dir='ltr' id='par_1_6' title="bbox 208 2541 1231 3098">
     <span class='ocr_line' id='line_1_26' title="bbox 208 2541 1230 2620; baseline -0.002 -16"><span class='ocrx_word' id='word_1_210' title='bbox 208 2588 211 2595; x_wconf 84' lang='lat'><em>.</em></span> <span class='ocrx_word' id='word_1_211' title='bbox 267 2544 348 2606; x_wconf 84' lang='grc'><strong>3333</strong></span> <span class='ocrx_word' id='word_1_212' title='bbox 370 2561 460 2619; x_wconf 87' lang='lat' dir='ltr'><strong>quam</strong></span> <span class='ocrx_word' id='word_1_213' title='bbox 472 2545 563 2604; x_wconf 89' lang='lat' dir='ltr'><strong>multa</strong></span> <span class='ocrx_word' id='word_1_214' title='bbox 575 2551 654 2618; x_wconf 91' lang='lat' dir='ltr'><strong>sunt,</strong></span> <span class='ocrx_word' id='word_1_215' title='bbox 670 2562 726 2620; x_wconf 87' lang='lat' dir='ltr'><strong>per</strong></span> <span class='ocrx_word' id='word_1_216' title='bbox 737 2561 825 2620; x_wconf 87' lang='lat' dir='ltr'><strong>quae,</strong></span> <span class='ocrx_word' id='word_1_217' title='bbox 841 2545 984 2620; x_wconf 89' lang='lat' dir='ltr'><strong>quioquid</strong></span> <span class='ocrx_word' id='word_1_218' title='bbox 997 2544 1157 2617; x_wconf 81' lang='lat' dir='ltr'><strong>debemus,</strong></span> <span class='ocrx_word' id='word_1_219' title='bbox 1171 2541 1230 2602; x_wconf 86' lang='lat' dir='ltr'><strong>red·</strong></span> 
     </span>
     <span class='ocr_line' id='line_1_27' title="bbox 269 2626 1230 2704; baseline -0.006 -16"><span class='ocrx_word' id='word_1_220' title='bbox 269 2629 341 2688; x_wconf 90' lang='lat' dir='ltr'><strong>dere</strong></span> <span class='ocrx_word' id='word_1_221' title='bbox 354 2630 443 2688; x_wconf 89' lang='lat' dir='ltr'><strong>etiam</strong></span> <span class='ocrx_word' id='word_1_222' title='bbox 455 2629 593 2688; x_wconf 78' lang='lat' dir='ltr'><strong>felicibus</strong></span> <span class='ocrx_word' id='word_1_223' title='bbox 607 2636 794 2704; x_wconf 66' lang='lat' dir='ltr'><strong>possumus?</strong></span> <span class='ocrx_word' id='word_1_224' title='bbox 815 2628 906 2688; x_wconf 87' lang='lat' dir='ltr'><strong>fidele</strong></span> <span class='ocrx_word' id='word_1_225' title='bbox 917 2627 1094 2700; x_wconf 90' lang='lat' dir='ltr'><strong>consilium,</strong></span> <span class='ocrx_word' id='word_1_226' title='bbox 1110 2626 1230 2687; x_wconf 87' lang='lat' dir='ltr'><strong>adsiduo</strong></span> 
     </span>
     <span class='ocr_line' id='line_1_28' title="bbox 268 2709 1229 2784; baseline -0.002 -14"><span class='ocrx_word' id='word_1_227' title='bbox 268 2710 476 2784; x_wconf 84' lang='lat' dir='ltr'><strong>conversatio,</strong></span> <span class='ocrx_word' id='word_1_228' title='bbox 505 2729 605 2771; x_wconf 90' lang='lat' dir='ltr'><strong>sermo</strong></span> <span class='ocrx_word' id='word_1_229' title='bbox 628 2713 724 2772; x_wconf 89' lang='lat' dir='ltr'><strong>comis</strong></span> <span class='ocrx_word' id='word_1_230' title='bbox 746 2719 775 2770; x_wconf 89' lang='grc'><strong>33</strong></span> <span class='ocrx_word' id='word_1_231' title='bbox 796 2711 862 2770; x_wconf 85' lang='grc'><strong>3333</strong></span> <span class='ocrx_word' id='word_1_232' title='bbox 882 2711 1057 2771; x_wconf 90' lang='lat' dir='ltr'><strong>adulatione</strong></span> <span class='ocrx_word' id='word_1_233' title='bbox 1078 2709 1229 2777; x_wconf 86' lang='lat' dir='ltr'><strong>iucundus,</strong></span> 
     </span>
     <span class='ocr_line' id='line_1_29' title="bbox 268 2792 1229 2868; baseline 0 -19"><span class='ocrx_word' id='word_1_234' title='bbox 268 2807 374 2863; x_wconf 90' lang='lat' dir='ltr'><strong>aures,</strong></span> <span class='ocrx_word' id='word_1_235' title='bbox 402 2793 428 2849; x_wconf 93' lang='lat' dir='ltr'><strong>si</strong></span> <span class='ocrx_word' id='word_1_236' title='bbox 449 2792 609 2852; x_wconf 89' lang='lat' dir='ltr'><strong>deliberari</strong></span> <span class='ocrx_word' id='word_1_237' title='bbox 632 2796 720 2864; x_wconf 90' lang='lat' dir='ltr'><strong>velit,</strong></span> <span class='ocrx_word' id='word_1_238' title='bbox 749 2795 923 2868; x_wconf 82' lang='lat' dir='ltr'><strong>diligentes,</strong></span> <span class='ocrx_word' id='word_1_239' title='bbox 949 2795 1081 2854; x_wconf 87' lang='grc'><strong>3333333</strong></span> <span class='ocrx_word' id='word_1_240' title='bbox 1104 2793 1229 2853; x_wconf 76' lang='lat' dir='ltr'><strong>credero</strong></span> 
     </span>
     <span class='ocr_line' id='line_1_30' title="bbox 269 2874 1229 2950; baseline 0.002 -20"><span class='ocrx_word' id='word_1_241' title='bbox 269 2874 439 2944; x_wconf 89' lang='lat' dir='ltr'><strong>[convictus</strong></span> <span class='ocrx_word' id='word_1_242' title='bbox 461 2875 668 2947; x_wconf 84' lang='lat' dir='ltr'><strong>lamiliaritas]</strong></span> <span class='ocrx_word' id='word_1_243' title='bbox 705 2876 858 2936; x_wconf 90' lang='lat' dir='ltr'><strong>Neminem</strong></span> <span class='ocrx_word' id='word_1_244' title='bbox 879 2885 940 2936; x_wconf 86' lang='lat' dir='ltr'><strong>tam</strong></span> <span class='ocrx_word' id='word_1_245' title='bbox 956 2879 1016 2936; x_wconf 89' lang='lat' dir='ltr'><strong>alte</strong></span> <span class='ocrx_word' id='word_1_246' title='bbox 1031 2877 1169 2936; x_wconf 89' lang='lat' dir='ltr'><strong>secunda</strong></span> <span class='ocrx_word' id='word_1_247' title='bbox 1183 2889 1229 2950; x_wconf 82' lang='lat' dir='ltr'><strong>po</strong></span> 
     </span>
     <span class='ocr_line' id='line_1_31' title="bbox 269 2954 1231 3096; baseline -0.002 -82"><span class='ocrx_word' id='word_1_248' title='bbox 269 2962 409 3096; x_wconf 53' lang='lat' dir='ltr'><strong>sugerunt,</strong></span> <span class='ocrx_word' id='word_1_249' title='bbox 440 2963 553 3017; x_wconf 89' lang='lat' dir='ltr'><strong>utnon</strong></span> <span class='ocrx_word' id='word_1_250' title='bbox 576 2958 617 3018; x_wconf 92' lang='lat' dir='ltr'><strong>illi</strong></span> <span class='ocrx_word' id='word_1_251' title='bbox 638 2975 676 3018; x_wconf 91' lang='lat' dir='ltr'><strong>en</strong></span> <span class='ocrx_word' id='word_1_252' title='bbox 696 2961 793 3037; x_wconf 80' lang='lat' dir='ltr'><strong>magis</strong></span> <span class='ocrx_word' id='word_1_253' title='bbox 813 2961 929 3020; x_wconf 87' lang='lat' dir='ltr'><strong>amicus</strong></span> <span class='ocrx_word' id='word_1_254' title='bbox 950 2960 1045 3034; x_wconf 86' lang='lat' dir='ltr'><strong>desit,</strong></span> <span class='ocrx_word' id='word_1_255' title='bbox 1074 2961 1147 3036; x_wconf 89' lang='lat' dir='ltr'><strong>quia</strong></span> <span class='ocrx_word' id='word_1_256' title='bbox 1166 2954 1231 3037; x_wconf 75' lang='lat' dir='ltr'><strong>nili!</strong></span> 
     </span>
     <span class='ocr_line' id='line_1_32' title="bbox 269 3038 357 3098; baseline 0 -2"><span class='ocrx_word' id='word_1_257' title='bbox 269 3038 357 3098; x_wconf 89' lang='lat' dir='ltr'><strong>asit.</strong></span> 
     </span>
    </p>

    <p class='ocr_par' dir='ltr' id='par_1_7' title="bbox 240 3121 1276 3532">
     <span class='ocr_line' id='line_1_33' title="bbox 240 3121 1230 3191; baseline -0.006 -5"><span class='ocrx_word' id='word_1_258' title='bbox 240 3134 255 3186; x_wconf 94' lang='lat' dir='ltr'><strong>l</strong></span> <span class='ocrx_word' id='word_1_259' title='bbox 327 3121 427 3181; x_wconf 74' lang='lat' dir='ltr'><em>XXX:</em></span> <span class='ocrx_word' id='word_1_260' title='bbox 446 3124 508 3191; x_wconf 85' lang='lat' dir='ltr'><strong>lsta</strong></span> <span class='ocrx_word' id='word_1_261' title='bbox 528 3125 621 3185; x_wconf 85' lang='lat' dir='ltr'><strong>tristis</strong></span> <span class='ocrx_word' id='word_1_262' title='bbox 643 3133 673 3186; x_wconf 89' lang='lat' dir='ltr'><strong>et</strong></span> <span class='ocrx_word' id='word_1_263' title='bbox 693 3125 775 3186; x_wconf 89' lang='lat' dir='ltr'><strong>omni</strong></span> <span class='ocrx_word' id='word_1_264' title='bbox 795 3134 867 3187; x_wconf 89' lang='lat' dir='ltr'><strong>voto</strong></span> <span class='ocrx_word' id='word_1_265' title='bbox 888 3126 1101 3186; x_wconf 87' lang='lat' dir='ltr'><strong>submovenda</strong></span> <span class='ocrx_word' id='word_1_266' title='bbox 1115 3122 1230 3187; x_wconf 86' lang='lat' dir='ltr'><strong>occasio</strong></span> 
     </span>
     <span class='ocr_line' id='line_1_34' title="bbox 267 3205 1231 3284; baseline -0.001 -20"><span class='ocrx_word' id='word_1_267' title='bbox 267 3222 303 3265; x_wconf 91' lang='lat' dir='ltr'><strong>ac</strong></span> <span class='ocrx_word' id='word_1_268' title='bbox 324 3209 431 3281; x_wconf 88' lang='lat' dir='ltr'><strong>procul</strong></span> <span class='ocrx_word' id='word_1_269' title='bbox 451 3209 642 3283; x_wconf 75' lang='lat' dir='ltr'><strong>repellendaz</strong></span> <span class='ocrx_word' id='word_1_270' title='bbox 670 3218 703 3270; x_wconf 89' lang='lat' dir='ltr'><strong>ut</strong></span> <span class='ocrx_word' id='word_1_271' title='bbox 722 3218 826 3284; x_wconf 84' lang='lat' dir='ltr'><strong>gratus</strong></span> <span class='ocrx_word' id='word_1_272' title='bbox 849 3226 920 3269; x_wconf 90' lang='lat' dir='ltr'><strong>esse</strong></span> <span class='ocrx_word' id='word_1_273' title='bbox 941 3211 1060 3284; x_wconf 91' lang='lat' dir='ltr'><strong>possis,</strong></span> <span class='ocrx_word' id='word_1_274' title='bbox 1084 3208 1169 3269; x_wconf 87' lang='lat' dir='ltr'><strong>iratis</strong></span> <span class='ocrx_word' id='word_1_275' title='bbox 1188 3205 1231 3264; x_wconf 92' lang='lat' dir='ltr'><strong>dis</strong></span> 
     </span>
     <span class='ocr_line' id='line_1_35' title="bbox 267 3286 1231 3369; baseline 0 -22"><span class='ocrx_word' id='word_1_276' title='bbox 267 3304 346 3363; x_wconf 89' lang='lat' dir='ltr'><strong>opus</strong></span> <span class='ocrx_word' id='word_1_277' title='bbox 361 3298 416 3349; x_wconf 85' lang='lat' dir='ltr'><strong>est.</strong></span> <span class='ocrx_word' id='word_1_278' title='bbox 452 3292 514 3350; x_wconf 88' lang='lat' dir='ltr'><strong>Nec</strong></span> <span class='ocrx_word' id='word_1_279' title='bbox 529 3309 567 3352; x_wconf 90' lang='lat' dir='ltr'><strong>ex</strong></span> <span class='ocrx_word' id='word_1_280' title='bbox 579 3293 638 3355; x_wconf 88' lang='lat' dir='ltr'><strong>hoc</strong></span> <span class='ocrx_word' id='word_1_281' title='bbox 651 3294 774 3368; x_wconf 86' lang='lat' dir='ltr'><strong>quidem</strong></span> <span class='ocrx_word' id='word_1_282' title='bbox 790 3308 919 3367; x_wconf 88' lang='lat' dir='ltr'><strong>peceare</strong></span> <span class='ocrx_word' id='word_1_283' title='bbox 930 3299 959 3352; x_wconf 86' lang='lat' dir='ltr'><strong>te</strong></span> <span class='ocrx_word' id='word_1_284' title='bbox 971 3292 1139 3369; x_wconf 76' lang='lat' dir='ltr'><strong>intellegis,</strong></span> <span class='ocrx_word' id='word_1_285' title='bbox 1155 3286 1231 3366; x_wconf 89' lang='lat' dir='ltr'><strong>quod</strong></span> 
     </span>
     <span class='ocr_line' id='line_1_36' title="bbox 266 3373 1276 3450; baseline 0 -20"><span class='ocrx_word' id='word_1_286' title='bbox 266 3373 459 3432; x_wconf 82' lang='lat' dir='ltr'><strong>molluscum</strong></span> <span class='ocrx_word' id='word_1_287' title='bbox 481 3390 518 3434; x_wconf 88' lang='lat' dir='ltr'><strong>eo</strong></span> <span class='ocrx_word' id='word_1_288' title='bbox 539 3377 651 3450; x_wconf 78' lang='lat' dir='ltr'><strong>agitur,</strong></span> <span class='ocrx_word' id='word_1_289' title='bbox 674 3375 722 3436; x_wconf 87' lang='lat' dir='ltr'><strong>eui</strong></span> <span class='ocrx_word' id='word_1_290' title='bbox 740 3377 874 3450; x_wconf 80' lang='lat' dir='ltr'><strong>ingratus</strong></span> <span class='ocrx_word' id='word_1_291' title='bbox 890 3382 947 3435; x_wconf 76' lang='lat' dir='ltr'><strong>est</strong></span> <span class='ocrx_word' id='word_1_292' title='bbox 982 3375 1126 3449; x_wconf 87' lang='lat' dir='ltr'><strong>Propone</strong></span> <span class='ocrx_word' id='word_1_293' title='bbox 1140 3374 1232 3435; x_wconf 89' lang='lat' dir='ltr'><strong>animo</strong></span> <span class='ocrx_word' id='word_1_294' title='bbox 1271 3392 1276 3401; x_wconf 86' lang='lat'>·</span> 
     </span>
     <span class='ocr_line' id='line_1_37' title="bbox 265 3453 1233 3532; baseline 0.002 -20"><span class='ocrx_word' id='word_1_295' title='bbox 265 3461 317 3516; x_wconf 89' lang='grc'><strong>333</strong></span> <span class='ocrx_word' id='word_1_296' title='bbox 335 3471 503 3531; x_wconf 88' lang='lat' dir='ltr'><strong>carcerem,</strong></span> <span class='ocrx_word' id='word_1_297' title='bbox 525 3460 660 3531; x_wconf 88' lang='lat' dir='ltr'><strong>vincula,</strong></span> <span class='ocrx_word' id='word_1_298' title='bbox 676 3460 801 3532; x_wconf 84' lang='lat' dir='ltr'><strong>sordes,</strong></span> <span class='ocrx_word' id='word_1_299' title='bbox 819 3453 1008 3530; x_wconf 80' lang='lat' dir='ltr'><strong>servitutem,</strong></span> <span class='ocrx_word' id='word_1_300' title='bbox 1024 3458 1155 3532; x_wconf 89' lang='lat' dir='ltr'><strong>bellum,</strong></span> <span class='ocrx_word' id='word_1_301' title='bbox 1168 3469 1233 3530; x_wconf 75' lang='lat' dir='ltr'><strong>ege·</strong></span> 
     </span>
    </p>

    <p class='ocr_par' dir='ltr' id='par_1_8' title="bbox 150 3536 1276 3700">
     <span class='ocr_line' id='line_1_38' title="bbox 150 3536 1276 3621; baseline 0.003 -26"><span class='ocrx_word' id='word_1_302' title='bbox 150 3608 155 3621; x_wconf 62' lang='lat'><strong>,</strong></span> <span class='ocrx_word' id='word_1_303' title='bbox 266 3545 383 3597; x_wconf 87' lang='lat' dir='ltr'><strong>statem.</strong></span> <span class='ocrx_word' id='word_1_304' title='bbox 405 3539 480 3598; x_wconf 88' lang='lat' dir='ltr'><strong>haec</strong></span> <span class='ocrx_word' id='word_1_305' title='bbox 497 3547 567 3599; x_wconf 91' lang='lat' dir='ltr'><strong>sunt</strong></span> <span class='ocrx_word' id='word_1_306' title='bbox 582 3543 761 3602; x_wconf 90' lang='lat' dir='ltr'><strong>occasiones</strong></span> <span class='ocrx_word' id='word_1_307' title='bbox 778 3543 838 3601; x_wconf 86' lang='lat' dir='ltr'><strong>voti</strong></span> <span class='ocrx_word' id='word_1_308' title='bbox 853 3544 911 3601; x_wconf 85' lang='lat' dir='ltr'><strong>tui=</strong></span> <span class='ocrx_word' id='word_1_309' title='bbox 934 3542 960 3601; x_wconf 92' lang='lat' dir='ltr'><strong>si</strong></span> <span class='ocrx_word' id='word_1_310' title='bbox 972 3542 1042 3616; x_wconf 88' lang='lat' dir='ltr'><strong>quis</strong></span> <span class='ocrx_word' id='word_1_311' title='bbox 1054 3550 1155 3601; x_wconf 87' lang='lat' dir='ltr'><strong>tecum</strong></span> <span class='ocrx_word' id='word_1_312' title='bbox 1167 3554 1234 3600; x_wconf 92' lang='lat' dir='ltr'><strong>con·</strong></span> <span class='ocrx_word' id='word_1_313' title='bbox 1256 3536 1276 3585; x_wconf 59' lang='grc' dir='ltr'><strong>ἓ</strong></span> 
     </span>
     <span class='ocr_line' id='line_1_39' title="bbox 235 3621 1234 3700; baseline 0.006 -24"><span class='ocrx_word' id='word_1_314' title='bbox 235 3621 369 3697; x_wconf 75' lang='lat' dir='ltr'><strong>attraxit,</strong></span> <span class='ocrx_word' id='word_1_315' title='bbox 398 3638 454 3698; x_wconf 88' lang='lat' dir='ltr'><strong>per</strong></span> <span class='ocrx_word' id='word_1_316' title='bbox 473 3623 532 3682; x_wconf 85' lang='lat' dir='ltr'><strong>ista</strong></span> <span class='ocrx_word' id='word_1_317' title='bbox 552 3622 715 3685; x_wconf 87' lang='lat' dir='ltr'><strong>dimittitur.</strong></span> <span class='ocrx_word' id='word_1_318' title='bbox 758 3624 833 3698; x_wconf 79' lang='lat' dir='ltr'><strong>Quin</strong></span> <span class='ocrx_word' id='word_1_319' title='bbox 860 3625 963 3699; x_wconf 88' lang='lat' dir='ltr'><strong>potius</strong></span> <span class='ocrx_word' id='word_1_320' title='bbox 989 3639 1060 3685; x_wconf 87' lang='lat' dir='ltr'><strong>eum</strong></span> <span class='ocrx_word' id='word_1_321' title='bbox 1084 3630 1234 3700; x_wconf 85' lang='lat' dir='ltr'><strong>potentem</strong></span> 
     </span>
    </p>
   </div>
   <div class='ocr_carea' id='block_1_5' title="bbox 0 0 1476 4384">
    <p class='ocr_par' dir='ltr' id='par_1_9' title="bbox 0 0 1476 4384">
     <span class='ocr_line' id='line_1_40' title="bbox 0 0 1476 4384; baseline 0 1"><span class='ocrx_word' id='word_1_322' title='bbox 0 0 1476 4384; x_wconf 95' lang='lat' dir='ltr'><strong> </strong></span> 
     </span>
    </p>
   </div>
  </div>
 </body>
</html>
