2942 4384
351 456 358 465 ’
381 458 433 519 DE
453 458 666 525 BENEFlCllS
687 459 762 520 ΠΒ.
775 461 841 519 Vll.
862 470 992 523 ra-lo.
1114 462 1174 527 lttl

197 618 252 670 aut
274 608 368 669 libeat
387 616 438 669 eut
459 610 550 669 luvet
588 609 668 671 Satis
692 612 877 687 abundeque
898 620 946 672 est
966 614 1129 674 submissis
1145 624 1175 676 et

197 693 399 754 familiaribus
416 693 517 752 verbis
533 695 707 754 memoriam
722 712 885 754 revocare=

283 780 312 837 si
323 777 394 835 benc
407 778 482 851 quid
495 778 532 837 dc
545 784 573 837 te
586 781 694 851 merui,
713 779 776 851 fuit
790 786 843 839 aul
855 780 907 839 titt
919 783 1076 855 quicquam
1121 797 1124 803 ·

284 861 371 918 dulce
384 876 489 918 meum.

196 943 247 1002 ille
262 942 393 1002 invicem
408 941 503 1003 dicata
527 943 632 1019 quidni
646 945 814 1004 merueris?
834 946 963 1005 eiectum
977 948 1065 1005 litore
1080 963 1172 1022 egen·

196 1033 258 1085 tem
274 1024 433 1100 excepisti.

258 1108 367 1167 XXVl.
400 1107 482 1182 „Sed
505 1108 592 1182 nihil,
621 1110 734 1185 inquit,
765 1111 962 1186 proficimus=
991 1114 1200 1185 dissimulat,l

197 1191 311 1254 oblitus
326 1198 383 1251 cst.
411 1191 484 1267 quid
500 1193 600 1253 lacere
615 1194 789 1253 debeaml“
818 1194 978 1267 Quaeris
1001 1213 1076 1256 rem
1097 1214 1169 1256 rna-

195 1276 297 1334 xime
325 1275 590 1335 necessariam
618 1283 654 1337 et
680 1278 715 1336 in
744 1293 817 1352 qua
843 1277 937 1337 banc
970 1281 1170 1340 materiam

196 1358 598 1433 consummarideoet‚
621 1362 937 1434 quemadmodum
955 1362 1098 1435 ingrati
1115 1365 1169 1422 lc·

193 1441 310 1502 rendi
329 1441 416 1501 sint.
450 1441 573 1503 Placido
595 1444 710 1516 animo,
730 1450 904 1515 mansuem,
924 1460 1044 1518 magno.
1079 1446 1198 1504 Num-2

196 1541 289 1599 quam
304 1530 335 1584 te
350 1531 409 1584 tam
428 1524 609 1588 inhumanus
624 1534 654 1585 et
669 1528 815 1586 inmemor
829 1536 859 1586 et
874 1528 1007 1601 ingratus
1023 1528 1167 1600 offendat,

193 1617 309 1669 utnon
331 1616 431 1667 lamen
453 1609 578 1670 dedisse
599 1611 737 1671 delectet.
766 1626 930 1684 numquam
951 1612 980 1669 in
1002 1611 1058 1670 bas
1075 1627 1168 1671 voees

194 1692 306 1752 iniuria
326 1691 470 1765 inpellat=
498 1694 607 1753 vellem
632 1710 694 1753 non
720 1694 842 1753 secisse.
880 1694 1024 1753 Beneficii
1049 1694 1089 1754 tui
1115 1693 1168 1754 tibi

194 1776 287 1835 etiam
308 1774 468 1835 infelicitas
491 1777 618 1850 placeat.
653 1792 776 1852 seraper
795 1777 877 1835 illum
895 1778 1075 1851 poenitebit,
1098 1778 1124 1836 si
1138 1785 1169 1836 te

195 1861 233 1917 ne
248 1874 332 1919 nnnc
346 1858 468 1933 quidem
483 1861 627 1933 poenitet.
656 1860 723 1919 Non
737 1868 785 1919 est
800 1861 883 1934 quod
896 1860 1077 1933 indigneris,
1093 1868 1167 1921 tam-

196 1958 288 2016 quam
310 1942 425 2016 aliquid
446 1944 518 2001 novi
539 1944 702 2003 acciderit:
730 1943 827 2016 inagis
848 1944 949 2001 mirari
971 1943 1117 2016 deberes,
1140 1943 1167 2003 si

195 2040 256 2084 non
279 2024 454 2085 accidisset.
497 2027 598 2085 Alium
619 2026 725 2099 labor,
754 2026 845 2084 alium
871 2026 1000 2100 inpensa
1025 2026 1198 2097 deterretd

195 2107 287 2168 allum
309 2107 486 2181 pericnlum.
516 2110 607 2169 alium
622 2110 719 2184 turpis
734 2108 934 2180 verecundia,
957 2124 996 2167 ne
1012 2109 1083 2167 dum
1099 2109 1166 2167 red·

194 2189 237 2251 dil
257 2193 388 2251 latentur
408 2190 576 2267 accepisse.
599 2194 689 2252 alium
704 2193 875 2268 ignorantia
889 2191 995 2264 olficii,
1017 2192 1106 2251 alium
1123 2191 1166 2265 pi·

194 2274 295 2349 gritia,
311 2273 404 2332 alium
416 2276 586 2351 occupatio.
616 2277 768 2350 Adspice,
785 2276 1040 2349 quemadmodum
1054 2276 1166 2334 inmen-

194 2374 247 2417 sae
267 2356 425 2418 bominnm
446 2360 627 2432 cupiditates
648 2359 731 2419 hient
751 2375 873 2434 semper
894 2368 924 2418 et
938 2367 1083 2434 poscant=
1105 2375 1166 2417 non

194 2440 355 2525 miraberis
376 2439 417 2498 ibi
436 2442 586 2500 neminem
605 2442 750 2514 reddere,
772 2443 825 2502 ubi
843 2458 931 2501 nemo
947 2443 1022 2501 satis
1037 2443 1166 2515 accepit.

194 2524 266 2597 Quis
289 2530 339 2583 est
358 2524 484 2584 istorum
505 2532 564 2584 tam
585 2524 691 2584 firmae
711 2525 821 2585 mentis
844 2541 880 2584 ac
899 2524 1032 2595 solidae,
1055 2538 1087 2583 nt
1101 2531 1199 2584 tutod

193 2607 276 2681 apud
290 2622 362 2666 eum
372 2606 522 2667 beneficia
533 2608 692 2682 deponas?
718 2609 806 2667 Alius
819 2607 941 2667 libidine
954 2607 1072 2677 insanit,
1088 2607 1165 2665 alius

192 2690 348 2750 abdomini
370 2691 476 2762 servit,
505 2691 581 2750 alius
604 2691 679 2750 lucri
703 2697 785 2750 totus
806 2697 866 2763 est,
894 2691 980 2749 cuius
1008 2704 1165 2759 summam,

193 2789 250 2833 non
268 2774 337 2831 vias
351 2781 478 2847 spectat.
503 2776 581 2833 alius
595 2774 709 2833 invidia
722 2774 856 2846 laborat,
878 2774 954 2833 alius
967 2787 1060 2831 caeca
1071 2771 1164 2829 ambi·

192 2857 274 2916 tione
293 2854 374 2915 etin
396 2857 514 2930 gladios
536 2858 682 2917 inruente.
718 2858 817 2916 Adice
835 2864 989 2931 torporem
1004 2856 1112 2914 mentis
1129 2868 1166 2913 ao

192 2940 312 2999 senium
327 2945 358 2999 el
371 2942 521 3001 contraria
537 2940 607 3000 buic
622 2942 747 3015 inquieti
763 2942 896 3015 pectoris
911 2940 1103 3014 agitationem
1120 2946 1165 2998 tu·

191 3024 368 3097 multusque
384 3031 558 3098 perpetuos.
583 3024 670 3083 adice
685 3025 922 3084 aestimationem
938 3024 985 3083 sui
1000 3022 1120 3081 nimiam
1136 3029 1166 3081 et

191 3113 342 3171 tumorem
365 3107 405 3166 ob
427 3123 506 3181 quae
527 3109 766 3167 contemnendus
788 3115 835 3167 est
860 3107 1049 3165 insolentem.
1087 3104 1165 3177 Quid

192 3190 414 3251 contumaciam
428 3190 458 3248 in
474 3206 620 3263 perversa
636 3190 807 3259 nitentium,
831 3189 902 3263 qnid
920 3188 1068 3246 levitatem
1085 3201 1163 3243 scm·

191 3274 367 3347 paratique
381 3274 614 3333 transsilientem
632 3274 762 3346 loquar?
791 3271 858 3329 Huc
869 3269 997 3329 accedat
1011 3268 1163 3327 temeritas
1179 3274 1196 3327 5

191 3370 345 3429 praeceps
365 3362 396 3414 et
415 3373 578 3430 numquam
600 3356 691 3416 lidele
712 3355 870 3415 consilium
885 3354 1011 3414 daturus
1034 3353 1121 3410 timor
1134 3357 1165 3409 et

190 3440 260 3499 mile
282 3453 404 3500 errores
425 3439 537 3514 quibus
558 3440 721 3499 volvimur:
744 3438 873 3498 audacia
894 3436 1163 3505 timidissimorum,

191 3519 348 3583 discordia
369 3522 669 3583 familiarissimorum
685 3530 714 3583 et
728 3522 881 3598 publicum
897 3521 1006 3579 malum
1026 3516 1163 3577 incertis-

189 3606 276 3665 simis
287 3606 393 3679 lidere,
410 3607 546 3667 fastidire·
558 3622 715 3681 possessa,
729 3622 810 3679 quae
822 3603 969 3677 consequi
984 3616 1077 3677 posse
1089 3615 1163 3674 spes

189 3704 251 3748 non
269 3689 334 3749 luit.
368 3690 449 3749 lnler
459 3689 596 3753 adlectus
608 3690 848 3766 inquietissimos
860 3704 925 3748 rem
935 3684 1163 3763 quietissimam,

189 3772 300 3848 tidem,
320 3772 467 3848 quaerist
