2942 4384
319 472 382 539 252
588 476 621 539 L.
642 472 789 534 ANNAEI
813 473 987 533 SENECAE

316 632 389 690 bant
402 629 431 688 in
447 628 531 699 illos,
547 626 657 702 quibus
673 626 812 699 delegata
827 633 892 686 erat
906 642 978 685 cura
993 627 1203 702 providendae
1219 634 1290 687 tem-

318 712 459 788 pestatiS,
478 711 561 786 quod
576 710 765 783 neglegentia
781 726 885 792 eorum
902 711 1009 768 vineae
1024 712 1227 784 vapulassem
1242 720 1290 770 aut

317 802 438 870 segetes
460 793 673 869 procidissent.
706 793 744 850 Et
764 793 846 865 apud
866 810 923 851 nos
945 794 973 849 in
996 794 1158 851 duodecim
1180 794 1290 853 tabuiis

284 886 301 937 3
317 886 454 950 cavetur,
469 895 506 936 ne
520 880 585 950 quis
600 879 710 935 alienos
721 875 842 947 fructur
854 883 1047 936 excuntesset.
1075 876 1173 936 Rudis
1191 876 1290 935 adhuc

317 962 479 1035 antiquitas
502 959 645 1017 credebat
663 966 692 1017 ει
709 959 827 1018 adtrahi
847 960 959 1017 imbres
977 959 1114 1018 cantibus
1131 967 1160 1017 et
1174 959 1289 1032 repelli,

317 1060 446 1119 quorum
462 1042 532 1101 nihil
550 1057 643 1115 posse
654 1041 719 1099 sieri
732 1049 791 1100 tam
804 1043 902 1114 palam
915 1049 976 1113 est,
992 1050 1025 1102 ut
1035 1042 1125 1101 huius
1139 1042 1185 1102 rei
1197 1057 1289 1101 eausa

317 1127 426 1186 nullius
447 1123 621 1200 philosophi
641 1124 748 1183 schola
762 1126 900 1183 intranda
918 1126 966 1184 sit,
1301 1183 1304 1186 Α

378 1210 457 1268 Vlll.
482 1208 594 1267 Unam
615 1224 689 1267 rem
712 1208 832 1266 adhue
851 1207 1013 1267 adiciam
1035 1215 1065 1268 et
1085 1208 1190 1266 lavere
1212 1216 1241 1267 te
1255 1224 1289 1267 ac

317 1293 462 1367 plaudere
487 1291 609 1351 iuvabit.
639 1292 754 1349 Aiunt
779 1292 899 1349 nivem
924 1291 958 1349 in
985 1308 1028 1350 ea
1054 1298 1162 1365 parte
1187 1292 1289 1349 aeris

318 1377 421 1447 lieri,
439 1390 536 1449 quae
551 1389 672 1448 prope
686 1381 813 1432 terras
829 1382 896 1432 est.
912 1373 990 1432 hanc
1002 1374 1081 1433 enim
1097 1376 1165 1447 plus
1177 1372 1289 1432 habere

318 1460 428 1518 caloris
450 1475 487 1516 ex
510 1465 640 1532 quatuor
663 1456 780 1515 causis:
812 1473 887 1528 rma,
915 1458 997 1530 quod
1020 1458 1118 1515 omnis
1140 1464 1288 1515 terrarum

318 1542 508 1616 evaporatio,
534 1556 602 1599 cum
628 1541 751 1599 multum
772 1541 800 1597 in
826 1556 859 1599 se
880 1541 988 1598 fervidi
1008 1539 1147 1613 aridique
1170 1539 1287 1611 habeat,

317 1625 377 1684 hoe
393 1632 441 1684 εει
455 1623 581 1683 calidior
597 1641 657 1696 quo
673 1624 833 1681 recentior.
861 1625 968 1692 altera,
992 1624 1073 1695 quod
1090 1623 1167 1680 radii
1182 1624 1289 1681 solisa

317 1716 399 1767 terra
419 1707 557 1766 resiliunt
580 1714 609 1765 ει
631 1707 661 1764 in
682 1722 716 1764 se
737 1714 875 1765 currunt:
905 1706 1012 1765 horum
1031 1706 1199 1779 duplicatio
1221 1721 1288 1778 pro·

317 1792 400 1849 xima
422 1804 563 1864 quaeque
581 1806 600 1847 a
621 1789 709 1847 terris
732 1789 884 1861 calefacit,
909 1805 988 1863 quae
1009 1790 1078 1848 ideo
1095 1791 1163 1863 plns
1178 1788 1291 1847 habent

316 1873 448 1947 teporis,
472 1872 542 1946 quia
557 1874 652 1932 solem
672 1872 719 1930 bis
736 1874 876 1932 sentiunt.
910 1874 998 1931 tertia
1013 1879 1182 1942 causaest,
1206 1872 1289 1945 quod

318 1957 415 2031 magis
428 1956 588 2029 superiora
601 1955 774 2029 perflantur,
787 1964 1035 2030 atquaccumque
1047 1957 1198 2029 depressa
1210 1961 1289 2027 sunt,

318 2039 420 2099 minus
434 2041 530 2100 ventis
547 2042 753 2099 verberantur.

380 2125 429 2182 lX.
452 2124 581 2182 Accedit
594 2123 641 2182 his
658 2122 735 2182 ratio
749 2123 927 2182 Democriti:
949 2122 1071 2196 „Omne
1090 2136 1206 2195 corpus
1229 2136 1288 2195 quo

319 2207 448 2267 solidius
464 2214 524 2278 est,
547 2206 605 2265 hoc
623 2210 755 2265 calorem
772 2205 860 2265 citius
877 2207 1023 2281 concipit,
1048 2204 1161 2264 diutius
1177 2210 1289 2263 servat.

318 2292 420 2364 itaque
436 2290 462 2347 si
476 2290 506 2347 in
519 2290 584 2347 sole
600 2291 741 2363 posueris
754 2305 882 2349 aeneum
896 2307 950 2350 vas
962 2297 992 2348 ει
1003 2289 1128 2347 vitreum
1141 2295 1171 2347 et
1182 2303 1290 2361 argen-

318 2381 413 2443 teum,
432 2387 527 2431 aeneo
544 2372 631 2431 eitius
647 2375 730 2432 calor
744 2373 884 2445 accedet,
901 2373 1012 2432 diutius
1027 2371 1193 2430 haerebit.“
1217 2370 1289 2428 Adi·

319 2456 359 2515 cit
370 2455 496 2525 deinde,
511 2471 604 2528 quare
620 2456 770 2516 existimet
781 2457 840 2515 hoc
854 2456 928 2515 lieri.
951 2455 1040 2529 „His,
1054 2454 1164 2528 inquit,
1174 2459 1289 2526 ‘eorpo-

317 2538 418 2611 ribus‚
438 2554 517 2612 quae
529 2538 652 2598 duriora
665 2548 693 2599 et
707 2541 862 2613 pressiora
875 2548 957 2612 sunt,
973 2554 1102 2597 necesse
1114 2545 1162 2596 εει
1172 2537 1291 2595 minora

319 2622 466 2681 foramina
481 2637 552 2681 esse
563 2630 593 2681 et
608 2624 774 2682 tenuiorem
789 2624 817 2681 in
832 2623 959 2697 singulis
974 2622 1126 2695 spiritum:
1143 2621 1290 2693 sequitur,

318 2712 366 2778 nt,
394 2706 649 2780 quemadmodum
671 2706 787 2764 minora
808 2706 962 2765 balnearia
983 2713 1012 2764 et
1032 2706 1149 2763 minora
1163 2704 1291 2761 miliaria

319 2789 406 2848 citius
428 2788 585 2862 calefiunt,
607 2788 652 2848 sic
673 2789 750 2847 haec
772 2789 921 2848 foramina
943 2790 1062 2848 occulta
1076 2795 1106 2846 et
1121 2786 1231 2847 oculos
1247 2788 1260 2844 ι
1279 2817 1289 2825 ·

318 2871 430 2944 gientia
451 2877 481 2929 et
502 2873 630 2931 celerius
651 2873 802 2931 fervorem
824 2872 955 2932 sentiant
976 2878 1006 2930 et
1025 2877 1151 2945 propter
1165 2871 1289 2928 easdem

318 2955 490 3027 angustias,
515 2955 658 3028 quicquid
677 2956 861 3029 receperint,
882 2955 997 3015 tardius
1012 2955 1177 3012 reddant.“
1209 2954 1289 3010 llaec

319 3038 409 3109 longe
421 3044 600 3110 praeparata
612 3038 650 3095 ad
667 3038 696 3095 id
713 3039 896 3112 perducunt,
909 3040 1020 3111 dequo
1034 3052 1112 3095 nunc
1126 3037 1290 3109 quaeritur.

378 3120 414 3178 X.
444 3118 547 3179 Omnis
569 3137 702 3195 aerque
726 3123 851 3195 propior
872 3130 920 3180 est
940 3120 1042 3192 terris,
1067 3120 1128 3177 hoc
1146 3120 1287 3177 crassior.

319 3204 574 3277 quemadmodum
595 3205 625 3262 in
641 3220 722 3278 aqua
737 3211 767 3263 et
781 3206 811 3263 in
827 3206 953 3263 humore
969 3205 1050 3262 omni
1071 3203 1130 3260 ima
1145 3211 1195 3261 est
1212 3203 1288 3273 faex,

317 3288 358 3345 ita
372 3288 402 3345 in
417 3290 488 3345 aere
500 3288 690 3361 spississima
706 3304 846 3362 quaeque
862 3288 1013 3347 desidunt.
1032 3288 1091 3345 iam
1105 3293 1207 3343 autem
1224 3299 1289 3358 pro·

317 3370 420 3429 batum
444 3378 491 3429 est
513 3372 628 3443 omnia,
656 3386 717 3443 quo
739 3372 899 3431 crassioris
914 3368 1134 3443 solidiorisque
1145 3369 1289 3427 materiae

318 3461 403 3527 sunt,
430 3453 490 3513 hoc
512 3453 632 3512 fidelius
654 3455 809 3513 custodire
831 3456 962 3513 calorem
977 3462 1143 3526 receptum.
1174 3450 1290 3509 Editior

319 3552 371 3595 aer
387 3552 449 3610 qno
465 3536 585 3609 longius
599 3552 618 3594 a
634 3543 779 3596 terrarum
795 3537 934 3597 conluvie
949 3537 1092 3611 recessit,
1117 3535 1177 3594 hoe
1195 3535 1290 3593 since·

318 3617 382 3678 rior
403 3620 569 3693 puriorque
590 3628 645 3678 εει.
674 3620 778 3693 itaque
802 3623 898 3682 solem
913 3636 973 3679 non
989 3619 1113 3692 retinet,
1136 3618 1195 3677 sed
1211 3617 1291 3675 velut

316 3716 376 3774 per
390 3702 479 3762 inane
493 3701 679 3764 transmittit.
701 3704 772 3764 ideo
790 3706 889 3764 minus
904 3704 1013 3763 calefit.
