2942 4384
386 357 439 420 ltu
458 359 671 421 Bnnnrtcns
693 359 766 420 LIB.
779 359 829 421 111.
850 368 983 425 33-36.
1131 361 1172 427 57

259 507 384 570 XXXV.
411 510 474 570 Iam
494 518 616 585 tempus
637 520 684 572 est
705 513 856 586 quaedam
877 529 915 572 ex
938 523 1059 590 nostra,
1081 523 1115 577 ut
1135 519 1201 579 ital

194 589 315 662 dicam,
336 603 460 653 moneta
480 595 619 668 proferri.
656 595 712 668 Qui
733 596 763 653 id
786 596 967 656 beneficium
989 600 1087 671 dedit,
1112 618 1173 675 qrro

194 685 246 738 est
265 675 383 751 aliquid
404 675 528 750 melius,
553 685 653 752 potest
672 678 763 737 vinci.
796 688 880 753 pater
896 681 978 741 dedit
992 682 1054 741 lilio
1072 684 1172 743 vitain.

196 766 245 820 est
258 766 362 820 autern
377 760 492 834 aliquid
507 760 568 819 vita
583 762 706 821 melius:
729 763 769 820 ita
786 771 870 836 pater
881 764 962 822 vinci
976 771 1084 840 potest,
1101 767 1174 841 qnia

197 843 282 902 dedit
296 842 496 917 beneficium,
514 861 574 918 quo
590 853 637 904 est
648 845 762 919 aliquid
776 846 894 905 niellus.
930 848 1108 909 Etiamnunc
1122 850 1201 924 quit

196 925 283 986 dedit
296 926 388 986 alicui
403 927 510 998 vitarn,
532 929 558 987 si
573 928 666 986 semel
683 936 713 987 et
727 928 834 988 iterurn
850 929 995 990 liberatus
1009 941 1055 992 est
1067 935 1172 992 mortis

196 1010 351 1084 periculo,
380 1010 477 1069 nraius
498 1012 617 1084 accepit
642 1012 823 1070 beneficium
850 1030 939 1087 qrrarn
966 1016 1058 1074 dedit.
1086 1026 1173 1090 poter

196 1099 298 1152 autern
313 1093 404 1152 vitam
419 1093 514 1153 dedit:
535 1100 637 1168 potest
652 1110 741 1167 ergo,
763 1097 786 1152 si
804 1098 928 1169 saepius
945 1099 1079 1171 periculo
1091 1117 1159 1159 rnor

191 1174 234 1234 tis
244 1176 391 1236 liberatus
404 1192 423 1234 e
434 1175 495 1236 filio
508 1177 609 1249 luerit,
624 1177 723 1236 rnaius
734 1178 915 1238 beneficium
929 1181 1069 1254 occipere
1081 1199 1171 1256 quarn

196 1258 291 1318 dedit.
329 1258 388 1331 Qui
401 1258 582 1319 beneficium
598 1260 723 1334 accipit,
746 1262 843 1320 rnaius
859 1261 983 1335 accipit,
1001 1281 1062 1337 quo
1074 1266 1200 1338 nagisa

195 1357 234 1402 eo
248 1340 375 1416 indiget.
404 1343 501 1416 magis
517 1350 616 1403 autern
631 1345 747 1417 indiget
760 1345 829 1416 vita,
847 1345 897 1418 qui
915 1347 994 1416 vivit,
1012 1355 1101 1420 quarn
1118 1349 1170 1421 qui

194 1431 287 1486 uatus
301 1441 364 1486 non
380 1434 441 1497 est,
461 1435 495 1487 ut
509 1427 561 1500 qui
577 1444 614 1486 ne
634 1425 771 1500 indigere
785 1429 906 1499 quidem
920 1430 1042 1488 omnino
1057 1432 1170 1503 possit:

195 1507 297 1570 maius
319 1525 394 1585 ergo
414 1510 594 1580 beneficium
610 1509 720 1584 accipit
736 1519 837 1584 pater,
861 1511 888 1570 si
904 1513 993 1572 vitani
1010 1530 1028 1572 a
1043 1514 1105 1572 lilio
1121 1531 1170 1574 ac-

147 1655 149 1660 ,
195 1591 284 1668 cipit,
306 1609 399 1668 quam
421 1593 502 1653 lilius
524 1611 542 1653 a
563 1602 664 1669 patre,
690 1595 773 1668 quod
789 1604 877 1654 natus
894 1604 950 1656 est.
985 1596 1102 1670 „Patris
1119 1599 1200 1660 be·4

195 1675 307 1736 nelicia
329 1677 408 1736 vinci
430 1694 448 1736 a
468 1678 520 1736 filii
538 1678 695 1737 beneficiis
710 1695 771 1736 non
786 1686 927 1754 possunt.
963 1688 1078 1755 quare?
1100 1682 1172 1755 cruia

147 1755 152 1840 ἰ
194 1759 288 1818 vitam
309 1759 429 1834 accepit
449 1769 582 1835 epatre:
607 1777 696 1835 quarn
716 1761 774 1820 nisi
791 1764 977 1836 accepisset,
1001 1767 1082 1823 nulla
1098 1766 1171 1824 dure

147 1863 152 1906 :-
193 1841 347 1902 beneficia
364 1844 545 1918 potuisset.“
578 1845 644 1903 Hoc
663 1860 822 1905 commune
838 1853 885 1905 est
901 1848 976 1920 patri
993 1863 1060 1905 curn
1076 1849 1170 1906 ornni·

147 1935 152 2006 ζ
193 1925 269 1999 bus,
292 1926 345 2002 qui
360 1928 451 1985 vilarn
466 1928 556 1987 alicui
572 1929 730 1987 dederunt.
760 1944 821 1987 non
839 1932 1012 2003 potuissent
1028 1931 1106 1987 enirn
1123 1946 1169 1988 rc·

196 2009 277 2070 lerre
297 2009 440 2085 gratiam,
467 2011 525 2069 nisi
548 2013 638 2070 vitam
654 2012 863 2085 accepissent:
886 2028 959 2085 ergo
977 2028 1033 2070 noc
1049 2012 1169 2071 medico

195 2091 225 2152 in
247 2095 347 2154 maius
366 2093 463 2169 gratio
475 2095 580 2153 relerri
597 2103 707 2170 potest.
735 2097 814 2155 solet
829 2096 908 2154 eninr
924 2095 1061 2153 medicus
1078 2096 1168 2153 vitam

147 2198 155 2268 ᾗ
197 2177 279 2238 dare.
307 2193 367 2238 nec
381 2187 504 2252 nautae,
528 2179 554 2237 si
571 2181 749 2252 naulragurn
765 2180 895 2239 sustulit.
919 2180 1001 2253 atqui
1017 2188 1046 2238 et
1061 2179 1168 2237 horurn

171 2293 175 2300 ·
197 2266 226 2318 et
244 2261 388 2333 aliorum,
411 2262 463 2336 qui
483 2262 585 2337 aliquo
607 2263 698 2321 modo
716 2263 805 2321 nobis
821 2263 914 2321 vitam
929 2263 1093 2333 dederunt,
1116 2262 1168 2321 be-

198 2343 306 2404 nellcia
326 2343 408 2403 vinci
430 2352 576 2419 possunt:
598 2361 672 2420 ergo
695 2353 725 2405 et
741 2353 859 2420 patrurn
876 2351 1015 2421 possunt.
1052 2345 1084 2404 Si
1100 2345 1197 2419 quise

197 2425 267 2485 milri
285 2426 590 2500 beneficiumdedit,
620 2430 703 2503 quod
733 2432 894 2488 multorum
926 2429 1082 2487 beneficiis
1116 2428 1168 2485 od-

198 2507 361 2570 iuvandum
386 2519 482 2584 esset,
510 2520 682 2586 egoeutenr
697 2512 737 2570 illi
759 2511 940 2570 beneficium
963 2510 1034 2568 dedi
1056 2510 1167 2581 iurent,

201 2594 281 2666 quod
298 2595 412 2654 nullius
435 2601 538 2668 egeret
557 2596 721 2666 adiutorio,
744 2594 841 2652 maius
858 2592 929 2651 dedi
945 2608 1036 2666 quarn
1052 2593 1168 2665 accepi.

200 2681 283 2748 puter
295 2677 359 2737 filio
376 2678 466 2737 vitam
483 2678 567 2738 dedit
582 2680 761 2753 perituram,
782 2677 840 2736 nisi
856 2679 948 2736 rnulla
962 2674 1169 2734 accessissent

184 2773 276 2834 unae
300 2759 384 2819 illam
404 2768 566 2821 tuerentur.
598 2762 678 2821 filius
701 2763 777 2835 patri
799 2761 824 2820 si
846 2761 930 2819 dedit
951 2760 1056 2831 vitain,
1086 2759 1170 2817 dedit

201 2855 277 2916 eam,
300 2859 381 2918 quae
400 2845 511 2905 nullius
533 2844 722 2904 desideraret
743 2844 887 2903 auxilium
909 2844 938 2901 in
955 2845 1027 2913 hoc,
1051 2849 1083 2901 ut
1100 2859 1168 2917 per-

201 2933 346 2986 maneret=
368 2942 442 3001 ergo
458 2929 556 2987 maius
572 2927 755 2987 beneficium
770 2928 918 3003 accepite
929 2927 991 2985 lilio
1004 2935 1098 3000 pater,
1116 2925 1167 3000 qui

200 3007 283 3068 vitam
298 3010 434 3084 accepit,
458 3027 547 3084 oriani
563 3011 630 3084 ipse
647 3010 687 3069 illi
703 3011 797 3071 dedit.

252 3091 390 3152 XXXVI.
415 3093 498 3152 Haec
516 3110 577 3153 non
595 3095 754 3153 destruunt
769 3100 924 3167 parentum
940 3090 1166 3148 venerationem
1180 3104 1194 3155 1

160 3197 164 3244 3
201 3187 249 3235 nec
262 3174 434 3237 deteriores
450 3175 509 3236 illis
524 3177 637 3236 liberos
653 3177 781 3246 iaciunt,
803 3176 894 3233 innno
907 3173 996 3231 etiarn
1010 3172 1166 3230 meliores:

161 3249 165 3324 ζ
202 3265 301 3319 natura
322 3261 402 3319 enirn
423 3262 557 3333 gloriosa
578 3261 674 3320 virtus
698 3266 746 3317 est
765 3266 795 3316 et
809 3258 923 3316 anteire
939 3255 1058 3331 priores
1075 3254 1166 3327 cupit.

162 3347 165 3396 ἓ
202 3341 333 3402 Alacrior
354 3344 411 3403 erit
432 3345 544 3416 pietas,
568 3343 593 3403 si
616 3344 655 3401 ad
676 3341 834 3400 reddenda
855 3340 1004 3399 beneficia
1019 3354 1086 3397 cum
1103 3336 1165 3394 rin-

203 3426 281 3484 tendi
297 3441 358 3500 spe
372 3427 499 3487 venerit.
535 3426 616 3501 Ipsis
633 3425 768 3501 patribus
785 3423 815 3482 id
829 3423 1000 3483 volentibus
1015 3422 1166 3493 laetisque

203 3510 368 3583 eontigerit,
387 3511 529 3582 quoniam
542 3512 687 3584 pleraque
700 3516 784 3577 sunt,
802 3499 954 3580 inquibus
968 3513 1072 3563 nostro
1083 3504 1166 3562 bono

202 3587 353 3654 tlucirnur.
383 3593 473 3653 Unde
486 3602 637 3653 certarnen
649 3600 709 3651 torn
725 3591 880 3665 optabile?
901 3589 982 3647 unde
997 3594 1108 3647 tanturn
1124 3589 1195 3645 len
