2942 4384
318 430 380 496 1³8
586 434 620 493 L.
641 434 789 494 ΑΝΝΑΕΙ
811 432 986 493 SENECAE
1024 440 1033 453 ⁰

316 584 388 643 dum
405 592 467 657 est,
489 584 645 658 quomodo
660 581 847 643 liberalitatis
860 584 983 643 materia
993 584 1145 644 aduersus
1157 600 1228 645 enm
1239 600 1287 645 su·

285 667 424 741 apersit,
447 667 535 727 cuius
552 669 695 728 universa
713 682 785 725 esse
807 667 1028 727 concessimus.
1065 666 1175 726 Omnia
1196 668 1287 742 patris

315 756 402 822 sunt,
424 766 504 825 quae
526 752 556 810 in
577 751 739 810 liberorum
757 766 848 810 manu
867 757 951 808 sunt:
982 748 1051 824 quis
1065 758 1166 809 tamen
1193 750 1289 811 nescit

313 834 430 891 donare
451 832 565 907 aliquid
586 841 617 891 ει
631 832 725 892 lilium
743 834 839 906 patria
873 831 980 891 Omnia
994 834 1121 893 deorum
1137 840 1225 893 sunta
1245 842 1286 894 la·

313 931 381 974 men
398 924 427 974 et
439 916 486 975 dis
498 916 611 975 donum
624 916 784 990 posuimus
796 924 826 975 et
837 914 946 990 stipem
958 916 1094 974 iacimus.
1128 915 1197 975 Non
1209 915 1287 989 ideo,

315 999 397 1071 quod
418 997 533 1071 habeo,
553 1014 652 1058 meum
675 1014 735 1056 non
757 1007 817 1068 est,
841 999 868 1057 si
887 1014 987 1057 meum
1005 1006 1086 1057 tuum
1102 1005 1165 1057 ests
1188 1005 1288 1073 potest

284 1085 300 1140 7
312 1080 390 1140 enirn
412 1080 492 1139 idem
512 1097 584 1141 esse
604 1097 703 1141 meum
720 1089 750 1141 et
764 1088 856 1140 tuum.
891 1082 957 1153 ,‚ls‚
982 1081 1092 1154 inquit,
1114 1081 1203 1141 euius
1219 1097 1282 1156 pro-

313 1164 433 1224 stitutae
449 1170 533 1237 sunt,
554 1166 623 1223 leno
639 1171 696 1223 cst.
718 1165 820 1223 omnia
835 1171 933 1223 autem
945 1164 1092 1237 sapientis
1106 1171 1189 1223 sunt
1211 1164 1287 1224 inter

312 1247 413 1305 omnia
427 1254 457 1305 et
469 1248 647 1320 prostitutae
658 1254 744 1307 sunt:
760 1262 833 1319 ergo
849 1246 1027 1321 prostitutae
1041 1246 1191 1321 sapientis
1207 1254 1286 1307 sunt.

311 1331 381 1388 leno
402 1337 503 1388 autern
517 1338 578 1402 est,
599 1329 685 1389 cuius
702 1330 881 1404 prostitutae
899 1338 984 1389 sunta
1007 1345 1080 1403 ergo
1096 1331 1224 1402 sapiens
1241 1337 1287 1389 cst

282 1411 411 1471 8leno.“
448 1411 595 1472 Siciliam
611 1413 838 1473 vetantemere.
861 1412 1071 1471 dicuntenirn=
1093 1412 1210 1485 „Nemo
1222 1428 1285 1471 rem

311 1512 398 1554 suam
418 1494 499 1553 enrit.
532 1496 633 1556 omnia
655 1503 754 1555 autern
775 1494 923 1568 sapientis
945 1504 1036 1554 sunta
1066 1509 1140 1569 crgo
1159 1494 1284 1570 sapiens

310 1578 383 1637 nillil
405 1578 504 1637 emit.“
542 1576 593 1636 Sic
617 1585 719 1637 vetant
736 1585 767 1636 ει
787 1584 920 1636 mutuum
943 1593 1078 1650 sumere,
1100 1578 1174 1652 quia
1196 1594 1284 1638 nemo

310 1676 433 1720 usuram
451 1676 506 1733 pro
524 1660 653 1733 pecunia
668 1677 724 1719 sua
737 1661 857 1733 pendat
883 1660 1114 1721 innumerabilia
1126 1668 1215 1736 sunt,
1232 1676 1285 1735 per

311 1759 390 1818 quae
405 1742 596 1817 cavillantur,
619 1758 687 1802 cum
702 1742 917 1817 pulcherrime,
940 1741 1014 1817 quid
1025 1760 1044 1802 a
1055 1744 1145 1804 nobis
1158 1744 1283 1817 dicatur,

310 1826 492 1898 intellegant.

282 1908 297 1959 l
370 1908 408 1967 V
437 1907 532 1967 Etiam
553 1906 599 1967 sic
614 1908 714 1969 omnia
729 1910 876 1983 sapientis
892 1925 964 1969 esse
979 1909 1064 1981 dico,
1086 1918 1119 1970 ut
1132 1909 1283 1972 nihilomi-

309 2008 366 2051 nus
389 1992 543 2066 proprium
566 1990 698 2067 quisque
714 1993 747 2051 iu
769 1993 862 2053 rebus
887 1993 952 2051 suis
973 1992 1139 2052 dominium
1160 1994 1280 2088 lrabeat,

310 2075 565 2151 quemadmodum
587 2076 644 2135 sub
662 2075 776 2149 optimu
791 2091 863 2150 rege
878 2075 979 2134 omnia
993 2091 1046 2134 rex
1061 2075 1190 2149 imperio
1208 2093 1280 2151 pos·

308 2158 402 2230 sidet,
425 2158 534 2232 singuli
549 2157 694 2218 dominio.
727 2160 866 2233 Tempus
877 2158 963 2218 istius
978 2158 1156 2233 probandae
1171 2160 1213 2218 rei
1231 2176 1280 2220 ve-

308 2241 378 2300 niet
410 2240 487 2299 mter
490 2257 528 2298 un
549 2223 609 2301 ho'c
629 2240 700 2300 huic
722 2240 894 2314 quaestioni
915 2248 963 2299 sat
986 2248 1034 2300 est
1055 2256 1102 2300 nte
1122 2241 1168 2314 id,
1197 2244 1282 2337 quod

309 2323 395 2381 aliter
415 2322 577 2395 sapientis,
599 2323 684 2382 aliter
700 2340 801 2384 meum
816 2332 878 2398 est,
901 2339 996 2398 posse
1010 2324 1125 2385 donare
1139 2324 1281 2399 sapienti.

278 2406 369 2463 2Nce
384 2406 489 2464 mirum
505 2414 553 2467 est
566 2406 680 2481 aliquid
696 2408 740 2478 ei,
763 2408 850 2467 cuius
865 2415 912 2467 est
927 2415 1037 2479 toturn,
1053 2422 1148 2481 posse
1163 2408 1282 2468 donari.

308 2487 446 2549 Conduxi
468 2489 588 2549 domum
610 2496 688 2549 ate.
717 2491 746 2548 in
769 2490 827 2550 hac
848 2489 963 2564 aliquid
983 2497 1065 2550 tuum
1081 2497 1142 2562 cst,
1165 2491 1281 2564 aliquid

307 2588 422 2631 meula:
444 2588 495 2631 res
515 2580 566 2631 tua
587 2579 648 2645 est,
670 2590 746 2633 usus
766 2574 811 2632 rei
831 2580 901 2632 tuae
921 2588 1008 2633 meus
1024 2579 1079 2633 cst.
1106 2573 1209 2646 itaque
1225 2589 1281 2634 nce

307 2656 423 2715 tructus
447 2662 552 2730 tanges
576 2658 685 2716 colono
708 2663 760 2716 tuo
787 2656 981 2730 prohibente,
1009 2656 1148 2731 quamvis
1173 2664 1227 2716 tua
1250 2658 1280 2716 in

306 2739 507 2813 possessione
528 2748 711 2814 nascantur,
741 2747 771 2799 et
795 2738 823 2799 si
847 2754 969 2798 annona
993 2740 1093 2799 carior
1117 2739 1209 2799 luerit
1230 2748 1283 2800 aut

307 2823 419 2893 fames,

389 2904 447 2962 beo
465 2904 550 2977 frast
548 2921 586 2964 ra
606 2922 745 2978 moenam
760 2908 884 2967 ulterius
897 2906 1041 2981 spectabis
1055 2921 1196 2966 acervum

277 2985 334 3046 bin
350 2991 402 3045 tuo
418 2995 535 3059 natum,
551 2986 589 3045 in
597 2996 648 3048 tuo
665 2987 814 3063 positum.
836 2988 1190 3049 inlrorreaiturumlua.
1217 2987 1280 3049 Nee

304 3070 486 3129 conductum
503 3087 618 3144 meum,
635 3087 819 3147 quamquam
834 3073 878 3131 sis
894 3072 1050 3144 dominus,
1064 3071 1200 3131 intrabis.
1222 3086 1280 3130 nee

304 3169 426 3212 servum
448 3161 546 3227 tuum,
576 3153 794 3215 mercenarium
817 3171 933 3228 meum,
959 3154 1106 3214 abduces.
1133 3162 1164 3214 ει
1178 3170 1280 3214 cuma

302 3246 332 3297 te
347 3236 472 3297 rhedam
488 3240 681 3311 conduxere,
703 3238 884 3298 beneficium
899 3238 1049 3311 accipies,
1070 3237 1096 3296 si
1111 3237 1164 3297 tibi
1179 3236 1210 3296 in
1227 3252 1278 3297 ve

302 3319 404 3381 laiculo
421 3329 471 3397 tuo
489 3322 598 3381 sedere
615 3321 792 3395 permisero.
827 3321 925 3380 Vides
940 3336 1013 3394 ergo
1029 3336 1125 3396 posse
1140 3320 1222 3394 lieri,
1246 3326 1279 3380 ut

302 3403 415 3479 aliquis
431 3404 609 3477 accipiendo
627 3406 709 3477 quod
725 3420 813 3464 suurn
829 3411 891 3476 est,
914 3419 1023 3463 maanus
1039 3404 1179 3477 accipiat.

272 3496 287 3548 1
363 3487 417 3546 Vl.
438 3489 470 3545 ln
488 3485 628 3545 omuibus
640 3487 722 3557 istis,
744 3501 824 3561 quae
834 3487 926 3546 modo
939 3487 1041 3559 retuli,
1057 3493 1185 3559 uterque
1196 3484 1277 3546 eius·

303 3569 373 3627 dem
387 3570 430 3628 rei
446 3571 586 3629 dontinus
602 3577 659 3628 est.
695 3570 875 3642 Quomodo?
897 3570 968 3642 quia
985 3571 1067 3628 alter·
1075 3567 1119 3627 rei
1135 3568 1278 3627 domiuus

303 3659 366 3723 est,
390 3653 564 3713 alter‘usus.
599 3652 708 3711 Libros
725 3653 854 3713 dicimus
869 3667 941 3711 esse
956 3652 1119 3711 Ciceronis.
1149 3652 1278 3711 eosdem

297 3734 402 3794 Dorus
417 3734 557 3797 librarius
573 3752 649 3797 suos
662 3745 768 3810 vocat,
790 3745 821 3800 et
831 3744 992 3811 utrumque
1004 3751 1108 3796 verum
1121 3740 1179 3796 cst.
1203 3734 1279 3796 alter
