2942 4384
262 465 304 529 56
546 462 581 523 L.
602 462 749 522 annunt
772 459 946 521 SENECAE

262 623 394 679 textatus
409 616 438 675 in
453 616 558 676 hostes
573 630 685 688 equum
700 614 876 674 concitavit:
898 631 1005 689 parum
1020 621 1080 685 est,
1107 613 1237 692 quodni

263 702 437 776 perveniret
458 700 497 757 ad
520 706 650 772 patrem,
673 706 716 757 tot
738 699 872 772 pericula
888 699 1038 759 maximos
1055 699 1153 758 duces
1169 715 1237 760 cum

262 785 392 843 maxime
405 783 573 856 prementia
586 782 781 855 contempsit,
801 789 845 840 tot
857 781 1017 855 obposilas
1029 782 1236 856 difficultates,

264 867 348 941 quod
369 866 409 925 ad
431 866 556 939 primam
580 880 711 937 pugnam
727 865 863 923 exiturus
878 863 935 923 tiro
954 878 1009 939 per
1023 872 1237 926 veteranorum

234 952 396 1024 2corp0ra
410 948 555 1019 cucurrit,
579 949 660 1020 qnod
679 963 778 1006 annos
794 964 870 1006 suos
884 947 1071 1007 transsilivit.
1095 949 1196 1008 Adice
1206 953 1238 1010 ul
1279 999 1281 1004 .

262 1034 343 1093 idem
365 1039 481 1106 patrem
501 1046 585 1089 reum
608 1031 751 1089 defendat
766 1030 795 1089 et
810 1030 1028 1104 conspirationi
1045 1031 1236 1092 inimicorum

263 1116 431 1190 potentium
452 1114 574 1187 eripiat,
601 1120 635 1174 ut
655 1115 781 1171 alterum
802 1114 844 1172 illi
860 1116 1049 1173 consulatum
1062 1127 1103 1173 'ae
1117 1115 1236 1176 tertium

263 1200 403 1272 aliosque
416 1198 548 1257 honores
560 1197 648 1255 etiam
662 1196 875 1256 consularibus
888 1197 1156 1271 concupiscendos
1166 1213 1237 1258 con·

263 1289 363 1357 gerat,
389 1290 422 1342 ut
444 1281 570 1355 pauperi
592 1288 694 1355 raptas
716 1280 785 1338 belli
800 1281 865 1339 iure
881 1297 958 1355 opes
973 1281 1072 1339 tradat
1087 1288 1132 1354 et,
1153 1279 1235 1355 quod

264 1373 311 1426 est
325 1365 502 1425 militaribus
518 1363 591 1424 viris
603 1364 881 1438 speciosissimum,
897 1363 1018 1423 divitem
1032 1363 1115 1423 illum
1127 1361 1236 1438 spoliis

234 1451 352 1509 bellam
373 1449 535 1509 hostilibus
558 1448 655 1507 iaciat.
700 1447 731 1507 Si
754 1448 855 1506 adbuc
879 1464 985 1521 parum
1007 1454 1069 1519 est,
1097 1446 1189 1507 adice
1206 1451 1238 1506 ut

262 1534 438 1607 provincias
461 1537 491 1589 et
512 1531 752 1590 extraordinaria
768 1531 895 1605 imperia
911 1531 1073 1591 continuet.
1103 1530 1194 1590 adice
1206 1535 1238 1590 ut

264 1616 370 1675 dirutis
392 1615 531 1673 maximis
553 1614 677 1673 urbibus
698 1615 826 1673 Romani
842 1613 960 1688 imperii
976 1614 1043 1673 sine
1061 1615 1184 1673 aemulo
1198 1611 1236 1674 ad

264 1707 347 1757 ortus
369 1712 563 1770 occasusque
584 1698 702 1755 venturi
724 1698 918 1757 defensaret
939 1697 1077 1756 conditor
1092 1696 1236 1766 maiorem

263 1781 450 1840 nobilitatem
461 1780 554 1838 nobili
567 1780 631 1838 viro
643 1781 763 1852 adiciat,
779 1781 838 1839 dici
851 1779 1005 1855 Scipionis
1019 1787 1152 1853 patrem=
1174 1783 1236 1853 [aa]

264 1863 388 1924 dubium
409 1871 470 1936 est,
501 1862 572 1937 quin
595 1865 760 1936 generandi
781 1865 907 1936 volgare
928 1863 1110 1923 heneficium
1132 1863 1239 1922 vicerit

264 1947 375 2006 eximia
391 1947 487 2020 pietas
503 1954 532 2005 et
546 1945 641 2006 virtus
657 1946 716 2020 ipsi
731 1946 800 2006 urbi
811 1947 915 2006 nescio
927 1955 1026 2007 utrum
1039 1946 1136 2005 maius
1149 1961 1237 2021 prae·

235 2031 374 2090 tsidium
398 2030 541 2092 adlerens
561 2046 599 2089 an
622 2030 740 2089 decus?
773 2030 905 2103 Deinde,
930 2030 956 2090 si
977 2030 1037 2089 hoe
1058 2046 1167 2104 parum
1182 2036 1237 2102 cst,

263 2115 344 2189 finge
366 2114 498 2189 aliquem
518 2120 667 2173 tormenta
687 2113 782 2187 patris
803 2113 1012 2183 discussisse,
1041 2114 1123 2186 finge
1148 2113 1180 2171 in
1202 2125 1237 2172 se

262 2197 465 2258 transtulisse.
501 2197 585 2255 Licet
599 2196 650 2254 tibi
666 2196 693 2253 in
711 2203 855 2269 quantum
872 2197 946 2256 velis
963 2196 1128 2255 extendere
1141 2194 1234 2255 bene

263 2282 333 2340 licia
354 2280 421 2351 filii,
444 2294 512 2337 cum
534 2287 691 2352 paternum
711 2296 822 2339 munus
844 2286 873 2337 et
895 2280 1026 2352 simplex
1041 2280 1080 2338 sit
1093 2285 1124 2338 et
1138 2278 1237 2352 facile,

262 2371 291 2424 et
305 2364 387 2421 danti
402 2362 619 2436 voluptarium,
636 2363 717 2434 quod
732 2378 861 2422 necesse
877 2371 923 2422 est
933 2363 984 2420 ille
995 2362 1096 2441 multis
1109 2361 1238 2436 dederit,

263 2445 353 2505 etiam
371 2445 481 2520 quibus
497 2445 623 2504 dedisse
641 2445 802 2519 senescit,
824 2445 854 2504 in
871 2463 931 2519 qno
947 2452 1120 2505 consortem
1135 2444 1237 2520 habet,

263 2530 293 2588 in
310 2546 370 2603 quo
387 2530 537 2603 spectavit
550 2530 647 2602 legem
664 2530 807 2603 patriam,
830 2529 963 2603 praemia
975 2535 1111 2603 patrum,
1126 2528 1237 2588 domus

264 2629 300 2672 ao
322 2614 452 2672 familiae
475 2612 721 2687 perpetuitatem,
744 2612 845 2671 omnia
861 2613 1066 2686 potiusquam
1085 2627 1171 2685 eum,
1188 2611 1236 2672 cni

234 2698 363 2756 enabat.
407 2698 483 2770 Quid
513 2697 538 2756 si
560 2696 628 2771 quis
649 2696 830 2769 sapientiam
853 2702 1037 2756 consecutus
1058 2694 1137 2753 hanc
1160 2693 1238 2769 patri

263 2781 434 2852 tradiderit,
457 2780 628 2839 etiamnunc
644 2779 866 2852 disputabimus
882 2796 919 2837 an
938 2779 1036 2838 maius
1051 2777 1168 2852 aliquid
1184 2778 1237 2838 de·
1254 2853 1256 2858 Ι

264 2862 342 2920 derit
365 2878 454 2935 quam
476 2868 651 2934 acceperat,
674 2877 742 2923 cnm
761 2864 850 2922 vitam
864 2861 987 2923 beatam·
1000 2861 1077 2937 patri
1094 2860 1237 2922 reddide-

261 2944 315 3017 rit,
338 2944 492 3017 acceperit
504 2950 619 3003 tantum
634 2944 747 3004 vitam?

236 3040 250 3090 1
324 3027 457 3086 XXXIV.
478 3026 561 3100 „Sed
576 3029 689 3104 patriS,
710 3028 820 3103 inquit,
836 3028 1016 3088 beneficium
1030 3034 1077 3088 est
1089 3025 1237 3102 quicquid

262 3119 420 3185 praestare
435 3111 476 3170 illi
493 3116 612 3185 potes.“
646 3112 683 3171 Et
699 3113 907 3187 praeceptoris
923 3112 997 3184 mei,
1021 3112 1104 3185 qnod
1119 3110 1237 3170 institu-

261 3195 301 3253 tis
316 3195 491 3256 liberalibus
510 3196 635 3270 profeci⁴
657 3196 745 3271 ipsos
765 3205 882 3267 tamen,
907 3194 958 3269 qui
973 3195 1162 3254 tradiderunt
1175 3192 1238 3266 illa,

262 3280 522 3351 transcendimus,
544 3280 649 3352 utique
670 3296 742 3353 eos,
771 3280 823 3354 qui
844 3280 941 3354 prima
960 3279 1110 3338 elementa
1124 3277 1238 3337 docue-

262 3371 345 3435 runt,
369 3363 552 3436 et-quamvis
574 3364 640 3423 sine
656 3363 714 3423 illis
730 3380 820 3423 nemo
838 3364 1001 3437 quicquam
1016 3362 1146 3434 adsequi
1164 3375 1237 3434 pos·

263 3454 324 3517 set,
340 3462 400 3504 non
415 3454 513 3505 tamen
529 3453 806 3520 quantumcumque
819 3447 888 3521 quis
901 3446 1067 3504 adsecutus
1081 3451 1143 3515 est,
1160 3444 1240 3503 inira

262 3528 331 3587 illos
355 3536 411 3588 est.
446 3529 572 3588 Multum
594 3529 670 3587 inter
691 3530 789 3603 prima
809 3546 846 3589 ac
863 3529 994 3587 maxima
1009 3530 1147 3588 interest.
1182 3540 1239 3585 nec

261 3610 332 3669 ideo
360 3612 457 3685 prima
481 3611 680 3671 maximorum
706 3612 802 3674 instar
826 3618 912 3688 suut,
941 3611 1012 3685 quia
1037 3611 1106 3672 sine
1130 3608 1255 3694 primis,

261 3693 393 3753 maxima
407 3710 479 3754 esse
493 3711 555 3756 non
570 3700 711 3769 possunt.
