2942 4384
316 478 382 544 272
592 480 624 539 L.
646 480 793 539 ANNAEI
814 479 988 542 SENECAE
1009 533 1011 539 ,

316 632 390 697 tium
405 632 495 693 ferar.
517 630 590 691 nihil
607 633 732 691 interest
745 648 827 704 mea,
845 640 976 707 quantus
991 632 1073 693 cirea
1087 641 1217 695 mortem
1230 650 1292 696 me

276 731 364 781 luam
384 718 527 777 tumultus
549 716 602 776 sit:
631 716 701 790 ipsa
722 715 837 789 ubique
855 717 1040 775 tantumdem
1064 725 1120 783 est.
1160 718 1294 779 Proinde

317 816 458 875 magnum
473 815 628 858 sumamus
644 797 775 858 animum
791 800 941 859 adversus
957 800 1045 861 istam
1061 801 1196 874 cladem,
1213 817 1292 877 quae

317 901 374 945 nec
396 883 499 942 evitari
520 898 577 941 nec
598 883 753 957 provideri
773 890 890 957 potest,
918 883 1159 957 desinamusque
1185 886 1292 945 audire

317 970 409 1039 istos,
436 967 488 1041 qui
510 966 692 1040 Campaniae
715 966 968 1026 renuntiaverunt
983 966 1097 1041 quique
1119 968 1292 1040 posthunc

319 1067 423 1110 casum
445 1050 669 1122 emigraverunt
689 1056 862 1123 negantque
885 1050 972 1123 ipsos
994 1065 1137 1123 umquam
1159 1048 1189 1107 in
1211 1052 1292 1109 iiiam

317 1136 473 1207 regionem
488 1148 685 1192 accessuros:
710 1133 779 1207 quis
794 1136 873 1191 enim
888 1134 947 1192 iliis
959 1132 1104 1207 promittit
1114 1133 1292 1193 melioribus

279 1216 520 1277 ltiundamentis
542 1216 601 1276 hoc
623 1223 674 1275 aut
688 1216 759 1275 illud
779 1218 878 1275 sotum
894 1222 996 1276 staret
1032 1215 1138 1273 Omnia
1152 1216 1292 1276 eiusdem

318 1302 409 1360 sortis
431 1306 502 1359 sunt
517 1306 561 1372 et,
591 1300 617 1359 si
638 1299 772 1358 nondum
796 1306 893 1371 mota,
923 1305 1021 1358 tamen
1047 1297 1185 1357 mobilia:
1212 1300 1293 1358 bunc

318 1383 474 1454 fortassis,
495 1381 526 1440 in
543 1400 603 1456 quo
619 1382 757 1441 securius
774 1382 933 1454 consistis,
956 1383 1057 1441 locum
1072 1380 1149 1440 haec
1164 1398 1227 1441 nox
1242 1389 1293 1441 aot

317 1467 367 1526 hio
387 1473 457 1525 ante
473 1473 592 1524 noctem
609 1466 674 1525 dies
690 1466 817 1524 scindet.
853 1465 943 1525 Unde
957 1466 1054 1536 scias,
1075 1480 1114 1524 an
1130 1471 1212 1537 [non]
1231 1481 1295 1523 me·-

317 1551 489 1609 linteorum
508 1550 644 1609 locorum
659 1549 798 1608 condicio
811 1548 864 1620 sit,
885 1549 913 1606 in
928 1549 1039 1622 quibus
1051 1548 1111 1605 iam
1124 1549 1205 1608 vires
1218 1564 1291 1613 suas

318 1634 437 1692 fortuna
460 1632 650 1705 consumpsit
670 1639 700 1690 et
722 1646 801 1705 quae
822 1631 852 1690 in
873 1632 1005 1691 futurum
1025 1632 1113 1689 ruina
1134 1647 1192 1690 sua
1219 1633 1293 1690 inita

209 1781 212 1786 ,
281 1722 409 1777 insunt?
431 1730 567 1772 erramus
582 1715 677 1785 enim,
698 1714 724 1773 si
740 1715 832 1773 uliam
844 1722 990 1774 terrarum
1004 1722 1120 1788 partem
1131 1720 1292 1789 exceptam

318 1799 533 1870 inmunemque
555 1796 592 1855 ab
613 1796 673 1855 hoc
694 1797 829 1871 periculo
851 1797 1019 1857 credimus:
1045 1812 1153 1857 omnes
1168 1799 1227 1857 sub
1243 1814 1291 1856 ea·

319 1881 386 1940 dem
403 1881 502 1939 iacent
515 1881 592 1953 iege.
615 1880 686 1938 nihii
702 1882 756 1952 ita,
778 1888 812 1940 ut
825 1880 969 1939 inmobile
984 1888 1081 1953 esset,
1097 1889 1207 1941 natura
1221 1898 1291 1940 con·

319 1965 408 2038 cepit.
440 1963 500 2023 alia
520 1962 708 2037 temporibus
730 1962 798 2022 aiiis
820 1963 932 2023 cadunt
945 1971 975 2022 et
990 1964 1248 2037 quemadmodum
1264 1964 1292 2021 in

317 2048 444 2106 urbibus
461 2047 578 2118 magnis
594 2062 674 2105 nunc
688 2046 764 2104 haec
780 2048 904 2119 domus,
927 2061 1007 2106 nunc
1021 2048 1072 2105 iiia
1084 2048 1292 2121 suspenditur,

318 2130 358 2189 ita
373 2130 402 2188 in
414 2130 473 2190 hoc
486 2130 560 2188 orbe
571 2136 718 2189 terrarum
730 2144 810 2187 nunc
821 2129 897 2187 haec
909 2146 981 2203 pars
994 2129 1066 2189 iacit
1076 2131 1196 2204 vitium,
1212 2147 1292 2190 nunc

280 2212 377 2272 l3iiia.
411 2212 510 2289 Tyros
526 2213 688 2285 aliquando
704 2212 825 2270 infamis
836 2214 932 2271 ruinis
946 2212 1009 2272 iuit.
1042 2212 1117 2271 Asia
1129 2214 1292 2273 duodecim

318 2296 411 2354 urbes
427 2296 513 2353 simui
531 2296 670 2368 perdidit.
693 2310 772 2354 anno
788 2295 889 2368 priore
904 2296 933 2353 in
950 2295 1096 2355 Achaiam
1107 2296 1291 2355 etliiacedo·

319 2378 399 2435 niam
420 2393 632 2459 quaecumque
654 2384 701 2437 est
721 2378 780 2436 ista
798 2378 845 2437 vis
867 2379 936 2437 mali
958 2379 1097 2451 incurrit,
1120 2397 1198 2453 quae
1213 2396 1293 2439 nunc

320 2459 513 2534 Campaniam
531 2461 634 2521 laesitz
657 2459 762 2519 circuit
782 2462 888 2532 iatum,
910 2462 981 2520 etsi
999 2461 1071 2536 quid
1090 2462 1143 2519 diu
1158 2472 1291 2536 praeter·

319 2542 364 2616 iit,
387 2544 505 2619 repetit.
529 2544 680 2619 quaedam
698 2544 797 2602 rarius
816 2544 971 2616 sollicitat,
989 2546 1114 2619 saepius
1127 2546 1291 2618 quaedam:

279 2626 391 2688 ltnihii
413 2628 535 2687 inmune
556 2642 627 2687 esse
647 2635 677 2685 et
697 2627 853 2685 innoxium
875 2628 955 2686 sinit.
990 2627 1056 2686 Non
1072 2626 1213 2687 homines
1229 2637 1290 2688 tau·

319 2718 398 2783 tum,
421 2709 472 2785 qui
493 2711 593 2769 brevis
614 2710 777 2769 etcaduca
795 2726 846 2769 res
864 2710 1025 2783 nascimur,
1047 2710 1141 2769 urbes
1157 2726 1291 2786 oraeque

318 2801 464 2852 terrarum
485 2800 516 2852 et
534 2794 622 2855 litora
636 2801 666 2853 et
680 2794 780 2866 ipsum
795 2795 921 2852 marein
939 2795 1113 2867 servitutem
1129 2794 1182 2853 iati
1197 2795 1290 2852 venit:

318 2891 376 2934 nos
398 2881 496 2934 tamen
519 2876 609 2935 nobis
628 2891 826 2950 permansura
842 2876 1041 2950 promittimus
1057 2875 1138 2935 bona
1154 2876 1292 2937 fortunae

319 2963 350 3015 et
370 2958 556 3027 felicitatem,
582 2959 668 3017 cuius
685 2974 724 3017 ex
742 2960 881 3019 omnibus
896 2960 988 3019 rebus
1005 2958 1145 3018 humanis
1162 2961 1290 3018 velocis·

320 3038 396 3099 sima
417 3047 464 3098 est
483 3040 606 3113 levitas,
628 3039 798 3100 habituram
818 3043 847 3100 in
869 3044 971 3117 aliquo
987 3042 1110 3116 pondus
1125 3058 1162 3100 ao
1177 3058 1292 3103 moram

279 3122 486 3196 lauredimus,
509 3130 539 3183 et
554 3130 702 3199 perpetua
716 3124 775 3184 sibi
793 3124 894 3185 omnia
909 3123 1150 3200 promittentibus
1165 3126 1197 3183 in
1212 3141 1292 3185 men-

318 3214 379 3266 tem
393 3222 455 3267 non
468 3207 563 3281 venit,
585 3207 616 3266 id
631 3209 746 3283 ipsum,
762 3224 857 3283 snpra
868 3209 953 3282 quod
964 3215 1094 3278 stamus,
1112 3209 1221 3268 stabile
1233 3226 1292 3268 non

320 3305 400 3348 esse.
423 3305 524 3364 neque
536 3290 804 3366 enimCampaniae
816 3291 897 3350 istud
908 3291 1110 3363 autAchaiae,
1125 3293 1181 3351 sed
1195 3294 1292 3352 onrois

320 3371 379 3432 soli
393 3373 495 3432 vitium
511 3379 571 3445 est,
593 3374 671 3432 male
687 3373 852 3434 cohaerere
867 3381 897 3433 et
912 3390 950 3432 ex
965 3374 1103 3448 pluribus
1121 3377 1226 3435 causis
1246 3390 1292 3433 re·
1328 3388 1331 3393 ·

321 3455 400 3515 solvi
415 3463 445 3515 et
460 3472 578 3515 summa
592 3471 729 3528 manere,
754 3456 889 3531 partibus
902 3472 1000 3516 ruere.
1221 3510 1225 3518 .

295 3547 309 3598 1
382 3539 419 3597 ΙΙ.
450 3538 527 3611 Quid
547 3545 628 3611 agot
655 3541 796 3598 solatium
816 3541 965 3599 adversus
988 3540 1124 3614 pericula
1137 3556 1209 3598 rara
1220 3545 1292 3614 'pro-

321 3621 477 3680 miseram:
494 3636 566 3680 ecce
577 3621 713 3695 undique
723 3621 856 3681 timenda
866 3622 1021 3682 denuntio.
1037 3639 1117 3696 nego
1130 3624 1294 3696 quicquam

319 3717 393 3763 esse
418 3702 528 3779 quietis
553 3711 709 3779 aeternae,
739 3706 822 3781 quod
849 3705 950 3782 perire
972 3706 1074 3781 possit
1098 3712 1128 3765 et
1151 3705 1292 3781 perdere.
