2942 4384
260 480 301 541 ao
547 476 580 537 L.
602 476 751 537 anunm
770 455 944 567 suuucau

261 631 403 691 nefioiurn
419 636 532 704 taceat,
548 634 654 688 narret
672 628 722 704 qui
745 627 873 703 aceepit.
889 626 1021 688 'dicetur
1046 628 1127 688 enim
1151 628 1232 705 quod

262 717 303 774 illi
323 716 436 788 ubique
451 715 574 773 iactanti
595 712 776 772 beneficium
799 729 903 772 suum=
929 719 1011 786 „non
1028 714 1173 788 negabis,
1192 714 1232 772 in-

264 800 340 873 quit,
370 805 399 857 te
425 798 612 871 recepisse.“
643 802 672 854 et
698 812 766 854 eum
790 797 1019 870 respondisset,
1049 798 1233 870 ,‚quandot“

262 883 383 956 „Saepe
402 881 540 954 quidem,
562 880 672 951 inquit,
694 886 724 937 et
738 880 839 938 multis
855 880 948 939 loeis:
964 880 995 937 id
1010 886 1072 951 est,
1084 880 1234 951 „dirotiens

234 980 250 1032 3
263 973 293 1025 et
306 965 491 1036 ubicumque
506 963 666 1021 narrasti.“
689 962 767 1034 Quid
781 978 860 1035 opus
876 970 923 1021 est
937 963 1062 1036 eloquit
1076 963 1150 1035 quid
1167 964 1234 1022 alie-

263 1066 336 1107 num
357 1062 509 1120 occupare
527 1044 684 1105 ollieiumt
713 1052 759 1129 est
781 1045 833 1119 qui
854 1046 934 1104 istud
954 1047 1055 1104 laoere
1076 1046 1234 1106 honestius

263 1130 372 1206 possit.
406 1145 466 1204 quo
488 1136 629 1188 narrante
650 1135 679 1187 et
693 1127 753 1189 boo
767 1129 956 1203 laudabitur,
985 1130 1068 1204 quod
1088 1129 1157 1203 ipse
1176 1146 1235 1191 non

263 1230 380 1273 narras.
418 1215 569 1286 Ingratum
585 1228 633 1271 me
648 1212 783 1284 iudioaS,
805 1212 832 1271 si
853 1210 935 1271 istud
959 1217 989 1271 te
1008 1220 1126 1272 tacente
1147 1229 1235 1273 nemo

265 1299 396 1357 sciturus
411 1303 478 1355 est?
495 1296 583 1369 Quod
599 1296 676 1355 adeo
693 1312 754 1355 non
769 1301 816 1354 est
827 1297 1087 1369 eonrmittendum,
1103 1305 1137 1356 ut
1149 1298 1236 1357 etiarn

265 1382 290 1440 si
308 1382 375 1456 quis
393 1397 494 1440 coram
511 1380 600 1439 nobis
613 1378 755 1450 narrabit,
769 1379 1022 1452 respondendum
1034 1380 1087 1437 sit=
1103 1380 1236 1454 „dignis-

265 1464 366 1524 simus
379 1465 501 1538 quidem
517 1463 567 1521 ille
583 1470 630 1522 est
643 1462 809 1521 maioribus
824 1463 998 1536 beneficiis,
1022 1463 1077 1521 sed
1099 1478 1158 1537 ego
1174 1480 1235 1522 ma·

265 1547 312 1621 gis
331 1550 407 1606 velle
421 1563 468 1605 me
483 1547 547 1605 seio
565 1546 667 1605 omnia
682 1545 723 1603 illi
740 1553 898 1620 praestare
919 1562 1008 1618 quarn
1031 1546 1131 1605 adhue
1152 1562 1236 1622 prae·

266 1631 412 1690 stitisse.“
441 1630 560 1688 ethaeo
577 1630 645 1702 ipsa
660 1646 722 1689 non
740 1629 894 1688 verniliter
914 1645 1024 1687 necea
1041 1629 1153 1702 ligura,
1178 1646 1238 1705 qua

267 1715 390 1788 quidam
416 1713 558 1786 reiciunt,
589 1728 668 1787 quae
693 1711 791 1787 magis
818 1714 858 1770 ad
888 1728 922 1772 se
948 1715 1053 1771 volunt
1069 1713 1237 1771 adtrahere.

234 1798 415 1862 4Delnde
432 1796 638 1855 adicienda
654 1796 1019 1857 omnishumanitas.
1041 1796 1240 1869 Perdetagri-

268 1882 336 1940 oola
357 1881 441 1953 quod
461 1879 588 1953 sparsit,
612 1880 638 1938 si
657 1880 780 1938 labores
803 1896 878 1938 suos
900 1880 1044 1939 destituet
1063 1879 1091 1937 in
1113 1880 1238 1937 semine.

267 1966 360 2024 multa
375 1979 448 2022 eura
462 1971 528 2022 sata
542 1963 750 2037 perducuntur
764 1963 804 2022 ad
816 1970 960 2036 segetem.
983 1963 1055 2022 nibil
1067 1963 1095 2020 in
1110 1963 1239 2022 fructum

267 2047 416 2123 pervenit,
435 2048 518 2121 quod
534 2062 595 2104 non
608 2062 627 2105 a
641 2047 736 2120 primo
752 2062 853 2119 usque
868 2046 908 2104 ad
920 2054 1086 2105 extremum
1101 2044 1239 2121 aequalis

267 2133 385 2191 cultura
410 2131 618 2205 prosequitur=
648 2130 754 2188 eadem
781 2129 998 2188 beneficiorum
1022 2130 1161 2189 condicio
1184 2136 1240 2188 est.

236 2223 252 2274 5
267 2214 420 2288 Numquid
437 2216 498 2272 ulla
513 2212 628 2271 maiora
645 2217 776 2286 possunt
790 2227 861 2271 esse
877 2229 968 2286 quarn
984 2230 1063 2286 quae
1080 2212 1110 2271 in
1126 2214 1240 2273 liberos

270 2305 372 2373 patres
389 2297 570 2355 conterunt?
595 2294 671 2353 haee
690 2303 788 2355 tamen
809 2295 897 2355 inrita
918 2305 1003 2369 sunt,
1027 2297 1053 2356 si
1068 2295 1098 2355 in
1116 2296 1242 2356 infantia

270 2382 465 2450 deserantur,
489 2378 547 2437 nisi
568 2379 660 2451 longa
681 2379 779 2452 pietas
800 2396 911 2439 munus
928 2397 1017 2439 suurn
1032 2378 1152 2439 nutriat.
1184 2380 1241 2439 Ea-

184 2498 188 2504 ·
270 2466 340 2522 dem
357 2470 526 2522 ceterorum
541 2461 759 2521 beneficiorum
775 2463 915 2523 eondioio
931 2472 992 2522 este
1013 2464 1070 2545 nisi
1090 2464 1144 2527 illa
1157 2463 1242 2522 adiu·

269 2545 368 2616 veris,
387 2546 507 2618 perdes.
538 2560 645 2618 parum
661 2553 707 2605 est
721 2544 861 2617 dedisse,
878 2547 1012 2606 fovenda
1026 2554 1105 2606 sunt.
1132 2545 1159 2606 si
1174 2562 1242 2620 gra·

269 2638 319 2690 tos
334 2630 383 2687 vis
398 2628 511 2688 habere
527 2644 606 2712 quos
624 2628 756 2702 obligaS,
778 2644 837 2689 non
854 2624 968 2690 tantum
983 2630 1038 2688 des
1055 2636 1175 2704 oportet
1190 2631 1241 2688 be-

239 2711 395 2785 tinelicia,
418 2712 474 2771 sed
493 2727 587 2771 ames.
625 2711 806 2786 Praecipue,
826 2719 859 2772 ut
879 2714 956 2788 dixi,
979 2730 1142 2787 parcamus
1163 2713 1242 2771 auri-

270 2799 338 2855 bus.
370 2795 535 2853 admonitio
550 2794 683 2853 taedimn
699 2795 784 2866 lacit,
807 2797 1002 2870 exprobratio
1021 2798 1132 2856 odium.
1164 2794 1243 2855 Nilril

272 2892 371 2951 aeque
395 2878 424 2934 in
452 2876 601 2935 beneficio
626 2875 783 2935 vitandum
808 2885 856 2937 est
877 2896 966 2952 quarn
988 2881 1141 2954 superbia.
1168 2880 1244 2953 quid

273 2976 352 3034 opus
374 2959 553 3032 adrogantia
575 2960 699 3018 voltus?
727 2958 800 3033 quid
821 2968 938 3021 tumore
961 2965 1144 3023 verborum?
1174 2962 1245 3037 ipsa

270 3060 322 3103 res
338 3051 366 3102 te
379 3043 502 3102 extollit.
524 3042 712 3102 detrahenda
727 3044 887 3105 estinanis
899 3046 1035 3123 iactatio:
1053 3062 1103 3105 res
1115 3048 1244 3120 loquen-

272 3136 321 3187 tur
336 3127 423 3186 nobls
439 3126 618 3186 tacentibus.
645 3126 710 3186 Non
728 3134 841 3187 tantum
857 3130 1019 3205 ingratum,
1041 3130 1098 3191 sed
1112 3130 1246 3189 invisum

273 3219 320 3272 est
335 3211 516 3272 beneficium
532 3209 665 3285 superbe
681 3210 794 3270 datum.
1088 3239 1090 3242 ·

243 3317 266 3366 a
334 3294 398 3353 Xll.
417 3294 447 3353 C.
461 3294 573 3354 Caesar
588 3294 671 3353 dedit
686 3293 777 3354 vitam
790 3295 935 3370 Pompeio
952 3295 1071 3369 Panno,
1087 3295 1115 3357 si
1130 3297 1182 3356 dat
1195 3297 1246 3372 qui

274 3394 335 3438 non
361 3379 472 3436 anlert:
496 3378 607 3435 deinde
628 3378 768 3439 absoluto
793 3386 823 3438 et
850 3381 950 3453 agenti
974 3381 1085 3454 gratias
1111 3381 1248 3455 porrexit

275 3460 476 3521 oseulandum
491 3458 647 3519 sinistrum
662 3462 782 3535 pedem.
812 3464 867 3536 Qui
883 3473 1032 3524 excusant
1046 3471 1075 3523 et
1088 3472 1201 3538 negant
1216 3465 1247 3523 id

275 3544 456 3603 insolentiae
473 3558 568 3602 eausa
583 3545 709 3616 lactum,
726 3545 810 3605 aiunt
824 3548 981 3605 soeculum
992 3557 1139 3619 atrratunr,
1155 3547 1247 3607 immo

276 3642 402 3684 aureum
426 3626 596 3699 margaritis
625 3626 797 3687 distinctum
818 3631 986 3689 'ostendere
1007 3647 1074 3689 eum
1101 3631 1247 3691 voluisse.
1278 3686 1281 3689 .

276 3709 318 3771 ita
332 3725 476 3783 prorsus=
501 3710 572 3785 quid
590 3710 638 3769 hic
654 3714 905 3775 contumeliosum
918 3723 978 3791 est,
1002 3716 1027 3774 si
1048 3715 1093 3773 vir
1106 3717 1246 3776 consula-
