2942 4384
323 431 387 503 202
611 429 647 491 L.
669 429 816 490 ANNAEI
836 428 1012 491 SENECAE

321 589 352 644 et
372 582 411 643 ob
432 581 494 642 boc
512 586 673 655 separetur
688 594 706 638 a
721 577 910 652 consiliario,
934 578 1092 655 quiaillud
1109 580 1221 641 suadet
1235 580 1297 642 dis·

321 666 506 739 suadetque,
531 664 591 724 hoc
612 664 709 723 solam
730 663 924 722 evitationem
951 663 1143 737 inpendentis
1170 664 1298 738 periculi

321 748 469 821 continet,
495 754 528 806 ut
548 762 617 805 cnm
638 746 778 805 timemus
800 744 916 819 ignem,
940 747 1076 806 fraudem
1098 764 1116 806 a
1137 747 1298 821 proximis,

292 829 449 894 tinsidias
471 846 490 889 a
510 830 619 888 servis.
654 828 833 888 Etiamnunc
855 836 954 888 tamen
973 830 1053 889 illam
1070 830 1298 890 distinctionem

319 915 425 974 video:
447 910 652 972 consiliarium
664 918 727 982 εει,
745 912 828 985 quod
842 913 985 985 cogitanti
999 914 1185 986 factumest,
1200 913 1297 973 moni·

319 998 442 1068 terium,
469 995 552 1070 quod
574 995 648 1053 nibil
667 994 819 1068 cogitanti.
848 995 939 1056 babet
964 1003 1064 1054 autem
1089 1003 1223 1071 utraque
1246 1011 1297 1056 res

320 1096 407 1142 suam
422 1079 654 1154 proprietatem
679 1078 826 1139 suadetur
839 1078 1077 1139 deliberantibus
1092 1086 1122 1139 et
1136 1081 1216 1140 ultro
1232 1078 1295 1140 mo·

320 1170 438 1224 nentur.

294 1258 307 1307 t
369 1246 441 1305 ’Χ[,.
463 1244 562 1305 Primo
584 1244 717 1306 omnium
737 1261 799 1304 non
821 1252 892 1305 sunt
912 1244 1068 1305 lutminum
1085 1260 1216 1319 genera,
1240 1245 1297 1304 sed

320 1329 583 1403 significationum.
614 1345 693 1387 nam
716 1330 912 1389 fulminum
934 1345 1078 1403 genera
1099 1334 1189 1388 sunt
1211 1329 1295 1386 illa:

321 1412 627 1489 quodterebrat,
650 1411 947 1487 quoddiscutit‚
971 1411 1174 1487 quodurit.
1208 1410 1296 1483 Quod

318 1496 451 1557 terebrat
466 1495 575 1555 subtile
591 1504 639 1554 est
655 1502 685 1555 ct
700 1495 888 1566 flammeum,
912 1496 961 1555 cui
976 1512 1031 1569 per
1045 1495 1295 1569 angustissimum

292 1582 392 1654 liuga
406 1585 453 1638 est
467 1578 506 1638 ob
518 1578 669 1637 sinceram
681 1587 711 1638 et
723 1595 830 1653 puram
841 1578 983 1638 flammae
993 1580 1177 1639 tenuitatem.
1208 1577 1295 1650 Quod

320 1664 450 1736 dissipat
470 1660 684 1733 conglobatum
700 1668 748 1721 εει
762 1667 792 1720 ει
806 1662 897 1722 babet
910 1664 1073 1721 admixtam
1093 1662 1152 1720 vim
1169 1662 1294 1735 spiritus

319 1746 417 1805 coacti
440 1760 484 1809 ac,
494 1744 667 1817 procellosi.
696 1743 799 1818 itaque
814 1745 885 1804 illud
903 1747 1013 1807 tulmen
1033 1761 1087 1819 per
1101 1745 1132 1804 id
1147 1746 1294 1816 toramen,

320 1828 404 1903 quod
418 1826 589 1900 ingressum
603 1834 664 1899 est,
682 1827 760 1888 redit
775 1835 805 1887 ει
815 1829 927 1889 evadit.
953 1829 1043 1888 huius
1054 1830 1113 1888 tate
1125 1844 1237 1902 sparsa
1247 1829 1294 1886 vis

290 1917 380 1971 dest:
401 1908 515 1984 rumpit
526 1910 600 1983 icta,
615 1928 676 1971 non
690 1911 832 1985 perrorat.
863 1912 994 1972 Tertium
1005 1912 1079 1972 illud
1089 1927 1198 1984 gennS,
1212 1911 1296 1985 qnod

318 1996 393 2068 urit,
422 1995 546 2053 multum
568 1995 680 2054 terreni
704 1994 796 2055 babet
816 2001 847 2053 et
871 1995 993 2069 igneum
1018 1994 1114 2069 magis
1139 2001 1188 2054 est
1203 2010 1295 2068 quani

319 2077 501 2138 flammeum.
529 2077 632 2151 itaque
653 2077 796 2152 relinquit
815 2094 942 2151 magnas
959 2078 1072 2153 ignium
1087 2084 1191 2150 notas,
1214 2092 1294 2151 quae

318 2162 477 2237 percussis
500 2160 702 2223 inhaereant..
721 2161 835 2220 nullum
858 2163 980 2235 quidem
1001 2162 1068 2221 sine
1088 2162 1158 2235 igne
1179 2161 1294 2219 tulmen

318 2247 415 2317 venit,
439 2245 495 2304 sed
511 2250 609 2303 minen
624 2244 683 2304 troc
700 2245 825 2319 proprie
839 2244 960 2318 igneum
975 2244 1118 2317 dicimuS,
1135 2245 1219 2317 quod
1232 2259 1293 2301 ma·

319 2328 430 2387 niiesta
447 2326 565 2385 ardoris
581 2328 709 2400 vestigia
723 2328 870 2400 inprimit,
887 2330 968 2401 quod
983 2335 1035 2387 aut
1048 2327 1108 2387 urit
1122 2334 1174 2386 aut
1185 2328 1293 2385 fuscat.

290 2410 416 2471 ltribus
432 2409 530 2469 modis
546 2409 619 2468 urit:
642 2418 692 2470 aut
707 2409 803 2469 adllat
816 2418 846 2470 et
859 2411 919 2469 levi
935 2410 1041 2471 iniuria
1052 2410 1145 2469 laedit
1155 2417 1209 2469 aut
1221 2425 1294 2468 con-

319 2494 399 2553 burit
413 2499 463 2553 aut
476 2492 625 2552 accendit.
649 2494 749 2552 onrnia
763 2495 821 2553 ista
833 2502 937 2566 urunt,
961 2494 1016 2554 sed
1031 2509 1143 2568 genere
1157 2500 1188 2552 et
1201 2493 1294 2552 modo

319 2576 472 2658 differunt.
501 2577 717 2650 quodcumque
739 2577 921 2637 conbustum
942 2585 1004 2650 cst,
1027 2577 1132 2650 utique
1146 2583 1178 2635 ει
1193 2583 1294 2635 εειεῐε

291 2668 375 2722 aest.
404 2667 434 2719 at
450 2660 534 2735 quod
549 2665 649 2720 ustum
664 2666 725 2732 εει,
747 2677 808 2720 non
825 2661 930 2734 utique
946 2660 1126 2719 conbustum
1142 2666 1199 2719 est.
1223 2658 1294 2718 item

320 2744 404 2817 quod
425 2759 589 2803 accensum
605 2749 665 2802 est=
690 2749 791 2817 potest
805 2744 884 2801 enim
899 2743 972 2802 illud
988 2744 1056 2817 ipso
1072 2742 1200 2802 transitu
1214 2742 1293 2815 ignis

319 2827 448 2885 ussisse.
473 2826 542 2900 quis
557 2827 715 2886 nescituri
732 2827 898 2901 quaedam,
917 2843 978 2886 non
994 2827 1171 2898 ardescere,
1188 2825 1227 2883 nil
1241 2840 1292 2883 au-

318 2916 378 2967 tem
393 2907 514 2981 ardere,
531 2909 612 2982 quod
626 2924 687 2967 non
699 2916 823 2968 uratur?
843 2910 944 2969 Unum
954 2910 1014 2970 hoc
1026 2909 1171 2968 adiciam:
1192 2914 1295 2981 potest

319 2990 433 3066 aliquid
453 3006 525 3049 esse
541 2987 722 3051 conbustum
738 3008 795 3051 nec
809 3008 989 3063 accensum,
1013 2998 1114 3066 potest
1128 3007 1294 3051 accensum

290 3088 391 3142 flesse
405 3088 462 3132 nec
478 3074 670 3135 conbustum.
702 3076 788 3135 Nunc
803 3076 843 3135 ad
857 3076 888 3134 id
902 3092 1000 3149 genus
1016 3074 1150 3143 fulminis
1159 3083 1292 3145 transeo,

320 3175 381 3230 quo
396 3157 455 3217 icta
468 3158 638 3234 tuscqntur=
661 3158 720 3220 hoc
731 3167 784 3219 aut
795 3159 951 3219 decolorat
962 3167 1013 3220 aut
1024 3159 1149 3219 colorat.
1172 3158 1293 3231 utrique

318 3241 542 3302 distinctionem
558 3259 645 3303 suam
659 3244 795 3302 reddam.
827 3243 1028 3302 Decoloratur
1042 3243 1088 3315 id,
1105 3242 1192 3301 cuius
1208 3240 1294 3300 color

317 3324 452 3395 vitiatur,
476 3333 698 3385 nonmotatur.
726 3327 878 3385 coloratur
898 3326 944 3397 id,
967 3326 1055 3386 cuins
1075 3324 1134 3385 alia
1155 3325 1188 3385 fit
1202 3339 1294 3398 quam

318 3407 498 3482 tuitiones,
521 3418 675 3483 tamquam
691 3409 833 3468 caerulea
848 3411 896 3468 vel
911 3408 998 3482 nigra
1013 3408 1060 3467 vel
1076 3407 1200 3484 pallida.

291 3498 306 3550 l
379 3491 453 3550 XLl.
481 3492 583 3551 Haec
612 3492 735 3551 adhuc
757 3492 936 3552 Etruscis
962 3490 1294 3565 philosophisque

319 3576 534 3634 communia
566 3582 663 3634 sunt.
696 3576 730 3633 in
766 3575 861 3635 illud
893 3574 1153 3646 dissentiunt,
1191 3573 1295 3647 quod

319 3656 461 3718 tulmen
488 3675 507 3718 a
535 3659 625 3720 love
645 3659 780 3720 dicunt
801 3658 898 3719 mitti
920 3666 955 3720 et
977 3666 1056 3719 tres
1081 3658 1141 3719 illi
1163 3674 1293 3718 manu·
