2942 4384
428 438 479 498 DE
499 435 710 525 BENEFICIIS
732 435 870 500 LlB.VI.
893 443 1024 497 18-22.
1148 432 1210 496 119

236 590 430 652 nihilominus
452 588 566 663 aliquid
587 588 658 646 mibi
680 587 917 661 dependendum
940 589 1054 659 scitum,
1078 586 1209 661 quia‘ad

235 692 282 735 me
304 690 430 749 quoque
450 672 577 732 circuitu
597 673 689 744 longo
708 670 856 745 pervenit.
891 670 1018 745 Propter
1033 688 1080 730 me
1097 673 1207 731 sactum

236 759 328 818 debet
344 772 416 817 esse
431 757 514 831 quod
530 770 578 813 me
593 755 715 827 obliget.

296 841 361 900 XX.
383 840 482 913 „Ist0,
505 838 615 912 inquit,
633 838 726 896 modo
740 852 795 896 nec
807 838 896 896 lunae
906 853 964 896 nec
975 836 1034 896 soli
1047 838 1208 911 quiequam
1222 843 1237 892 l

236 923 346 983 debes:
368 939 430 981 non
447 922 525 981 enim
541 929 666 996 propter
680 928 709 979 te
724 927 913 980 moventur.“
950 920 1011 979 Sed
1029 938 1095 979 cum
1108 923 1136 979 iu
1151 921 1209 979 hoc

235 1013 429 1076 moveantur,
445 1014 477 1065 ut
490 1004 634 1063 universa
649 1012 846 1075 conservent,
862 1010 892 1063 et
904 1021 960 1077 pr0
973 1019 1021 1062 me
1034 1011 1208 1063 moventur:

211 1142 218 1159 ,
235 1091 448 1158 universorum
469 1088 548 1146 emm
570 1102 641 1160 pars
657 1104 734 1145 sum.
773 1087 870 1145 Adice
888 1103 982 1159 nune,
1005 1088 1089 1159 quod
1105 1090 1238 1147 nostrat

236 1174 395 1231 ethorum
415 1170 556 1229 condicio
577 1168 733 1228 dissimilis
750 1178 806 1228 est.
835 1186 902 1228 nam
920 1171 970 1244 qui
987 1170 1058 1228 mihi
1073 1171 1209 1243 prodest,

235 1262 269 1314 ut
285 1271 342 1329 per
357 1270 404 1313 me
421 1254 516 1327 prosit
531 1251 604 1324 sibi,
624 1269 684 1312 non
701 1252 785 1312 dedit
799 1252 995 1326 benefieIum‚
1018 1254 1088 1326 qnia
1103 1271 1150 1311 me
1166 1254 1208 1310 in-

237 1345 435 1397 strumentum
448 1335 582 1395 utilitatis
595 1351 670 1394 suae
681 1335 761 1394 feeit.
784 1338 830 1395 soi
844 1342 944 1394 autem
955 1342 985 1394 et
997 1337 1075 1403 Inna,
1092 1335 1210 1394 etiamsi

237 1420 327 1480 nobis
350 1428 478 1494 prosunt
496 1435 552 1477 sue
568 1434 675 1489 causa,
698 1435 758 1478 non
775 1419 805 1475 in
822 1418 881 1476 hoe
896 1425 995 1476 tamen
1011 1426 1153 1491 prosunt,
1178 1426 1211 1477 ut

238 1518 294 1577 per
316 1519 373 1562 nos
394 1505 513 1577 prosint
533 1501 606 1561 sibi:
636 1502 710 1576 quid
731 1502 809 1561 eninr
831 1518 889 1561 nos
907 1503 1046 1560 conferre
1062 1501 1121 1560 iliis
1137 1518 1208 1575 pos-

237 1593 367 1645 sumus?
445 1652 448 1662 1

300 1669 378 1729 XXI.
406 1670 557 1744 ‚,Seiam,⁴
573 1670 684 1744 inquit,
715 1671 812 1731 solem
837 1687 873 1730 nc
900 1673 999 1730 lunam
1021 1669 1110 1729 nobis
1132 1670 1239 1727 veliet

238 1754 404 1827 prodesse,
433 1754 459 1812 si
481 1754 561 1813 nolle
580 1753 741 1828 potuerInt.
774 1754 833 1813 iliis
855 1762 954 1813 autem
976 1770 1035 1814 non
1060 1752 1131 1811 lieet
1150 1769 1210 1810 non

236 1837 370 1895 moverta
397 1837 437 1896 nd
457 1853 604 1895 summam
625 1837 794 1897 consistant
814 1845 943 1911 etopus
966 1854 1054 1896 suum
1069 1836 1209 1895 intermit-

239 1924 334 1979 tnnt.“
367 1920 434 1979 Hoc
449 1921 525 1978 -vide
540 1927 614 1994 quot
631 1920 730 1979 modis
746 1922 909 1979 refellatur.
944 1921 1010 1979 Non
1026 1922 1095 1978 ideo
1112 1920 1239 1977 minnsn

236 2004 317 2075 uult,
342 2003 392 2075 qui
408 2019 467 2061 non
485 2010 587 2076 potest
601 2005 695 2076 nolle,
717 2002 809 2063 immo
825 2004 988 2061 maximum
1002 2010 1210 2075 argumentum

237 2092 286 2143 est
300 2086 405 2144 firmae
421 2086 585 2145 voluntatis
601 2102 638 2144 ne
653 2084 762 2145 mutari
775 2087 896 2159 quidem
910 2101 1013 2159 posse.
1045 2084 1101 2142 Vir
1112 2084 1210 2142 nonus

237 2184 299 2227 non
324 2177 426 2241 potest
446 2186 505 2227 non
528 2171 630 2228 iacere
651 2170 734 2242 quod
754 2170 833 2227 facit.
862 2186 921 2227 nnn
939 2168 1017 2226 enim
1034 2164 1211 2235 eritbonuS,

237 2251 298 2310 nisi
318 2252 444 2311 fecerit=
474 2268 547 2325 ergo
572 2268 629 2311 nec
650 2253 751 2311 bonus
775 2252 819 2309 vir
838 2252 1019 2311 beneficium
1041 2251 1110 2321 dat,
1141 2249 1212 2323 quin

238 2333 311 2393 iacit
325 2334 407 2408 quod
424 2335 528 2407 debet,
552 2351 612 2393 non
631 2341 731 2407 potest
746 2343 844 2393 autem
857 2352 917 2393 non
930 2336 1047 2416 Iacere,
1063 2333 1147 2405 quod
1159 2333 1210 2390 de·

235 2417 297 2475 bet.
332 2416 493 2476 Praeterea
508 2420 631 2476 muitum
647 2418 780 2489 interest,
796 2426 895 2477 utrum
911 2417 1010 2476 diros:
1033 2433 1093 2474 non
1112 2422 1242 2489 potest3

236 2499 297 2558 hoe
312 2514 372 2558 non
391 2501 505 2572 Iacere,
521 2500 592 2574 quio
609 2501 740 2573 cogitur,
756 2518 810 2559 ane
833 2518 892 2558 non
910 2507 1012 2574 potest
1026 2501 1116 2557 nolte.
1142 2516 1211 2557 nam

237 2582 263 2641 si
279 2598 410 2641 neeesse
425 2590 472 2641 est
486 2584 526 2641 itii
541 2584 657 2653 Iacere,
679 2600 740 2642 non
757 2583 855 2642 debeo
871 2585 930 2656 ipsi
945 2582 1139 2651 beneficium,
1155 2581 1211 2638 sed

238 2667 369 2737 cogenti.
393 2665 419 2723 si
435 2681 564 2725 necesse
579 2674 626 2724 est
642 2666 683 2724 iiii
700 2668 777 2724 veile
793 2666 832 2724 ob
848 2666 922 2739 boe,
948 2665 1018 2738 qnia
1034 2664 1106 2720 nibil
1121 2664 1212 2719 babet

237 2749 348 2807 meIIus
369 2749 452 2822 quod
471 2749 557 2819 velit,
579 2749 646 2822 Ipse
668 2764 703 2808 se
718 2748 814 2819 cogit:
837 2749 878 2806 ita
893 2749 974 2821 quod
992 2756 1143 2819 tamquam
1160 2760 1210 2801 oo-

238 2839 306 2890 oeto
322 2848 382 2891 non
400 2832 558 2903 deberem,
582 2839 734 2905 tamquam
752 2832 871 2904 cogenti
887 2831 995 2890 debeo.
1032 2825 1239 2902 „Desinantt

238 2912 353 2987 inquit,
374 2915 483 2973 velie.“
518 2915 583 2973 Ho'e
604 2917 672 2974 loeo
693 2915 746 2973 tibi
768 2916 841 2974 ittud
864 2921 1022 2974 occurrat:
1057 2913 1128 2986 Quis
1150 2921 1210 2972 tam

237 2997 365 3056 demens
388 3003 449 3067 est,
471 3004 504 3055 ut
524 3013 590 3056 eam
612 3004 702 3071 neget
716 3000 901 3058 voluntatem
916 3014 1001 3070 esse,
1025 2997 1072 3057 cui
1090 3003 1212 3055 nonest

236 3079 406 3153 perieulum
428 3080 588 3139 desinendi
609 3081 808 3153 vertendique
827 3097 861 3140 se
877 3083 906 3139 in
922 3082 1120 3151 eontrarium,
1142 3095 1211 3137 enm

237 3178 275 3220 ex
298 3164 424 3221 diverso
448 3180 536 3223 nemo
560 3179 658 3237 neque
680 3163 783 3221 videri·
800 3164 910 3222 debeat
924 3165 1002 3221 velle
1017 3178 1107 3235 quom
1124 3162 1210 3219 euius

236 3246 380 3304 voluntas
396 3262 495 3319 usque
511 3263 548 3305 eo
564 3256 646 3305 certa
661 3254 721 3316 est,
745 3254 777 3304 ut
791 3254 914 3303 aeterna
930 3246 988 3303 sit?
1007 3261 1044 3301 an
1058 3244 1084 3301 si
1097 3244 1122 3300 is
1135 3259 1208 3315 quo-

238 3344 299 3401 que
314 3330 393 3399 vult,
419 3329 470 3403 qui
487 3337 587 3403 potest
605 3329 703 3411 statim
721 3329 816 3397 nolle,
840 3329 866 3394 is
882 3343 943 3384 non
959 3326 1108 3386 uidebitur
1122 3327 1209 3395 veile,

235 3412 264 3469 in
282 3410 372 3470 emus
387 3420 522 3470 naturam
537 3429 597 3471 non
616 3412 695 3469 eadit
709 3412 817 3469 nollet·
1184 3448 1186 3454 -

299 3493 391 3552 XXII.
414 3496 589 3567 „Agedum
613 3495 724 3567 inquit,
744 3495 769 3551 si
784 3501 929 3567 possunt,
945 3492 1119 3551 resistant.“
1146 3491 1211 3549 Hoc

236 3575 331 3635 dieis:
353 3578 454 3637 omnia
474 3578 533 3636 ista
554 3578 726 3651 ingentibus
748 3578 913 3636 intervallis
928 3577 1052 3635 diducta
1067 3584 1096 3634 et
1113 3576 1141 3632 in
1159 3590 1210 3633 ou-

237 3659 372 3720 stodirtm
382 3661 518 3721 universi
529 3660 679 3736 disposita
692 3662 837 3721 stationes
850 3677 923 3721 suas
936 3660 1094 3732 deserant,
1111 3658 1211 3720 subita
