2942 4384
307 360 349 424 50
596 361 630 419 L.
652 359 798 421 ΑΝΝΑΕΙ
821 359 996 420 SENECAE

307 516 353 573 Da
379 508 452 570 mihi
474 526 673 586 quemquam,
700 510 751 583 qui
773 508 1015 583 magnificentius
1035 508 1194 571 dominum
1219 526 1280 571 ser·

307 596 433 655 raverit.
1260 633 1263 638 -

280 691 295 741 1
369 678 476 736 XXIV.
506 676 669 736 Corfinium
686 676 798 749 Caesar
817 676 986 736 obsidebat.
1013 676 1174 735 tenebatur
1187 674 1279 737 inclu-

309 778 362 821 sus
379 761 542 820 Domitius:
564 760 725 832 imperavit
740 759 858 820 medico
874 760 1034 832 eidemque
1050 774 1141 818 servo
1157 775 1233 833 suc,
1251 760 1282 820 ut

308 846 366 904 sibi
389 859 537 902 venenum
560 843 654 901 daret.
691 842 765 901 Cum
786 843 1037 916 tergiversantem
1053 841 1186 915 videret,
1212 844 1282 917 quad

307 930 473 999 cunctaris,
504 926 616 999 inquit,
646 932 795 999 tamquam
815 933 867 985 tna
886 929 917 984 in
934 932 1077 1000 potestate
1096 932 1185 984 totum
1206 927 1282 986 estad

308 1009 368 1071 sit?
393 1016 513 1069 mortem
530 1025 602 1081 repo
616 1016 758 1067 armatas.
794 1011 868 1068 Tunl
883 1009 932 1067 ille
949 1009 1086 1082 promisit
1100 1015 1130 1067 et
1150 1008 1280 1068 medica·

309 1099 442 1152 mentum
463 1092 618 1151 innoxium
640 1092 803 1151 bibendum
824 1092 864 1150 illi
880 1092 971 1150 dedit.
1001 1108 1061 1165 quo
1077 1108 1146 1149 cum
1161 1093 1279 1165 sopitus

309 1184 407 1247 esset,
436 1175 568 1235 accessit
589 1175 628 1234 ad
650 1175 743 1234 lilium
765 1176 845 1234 eins:
874 1176 954 1247 tabe,
977 1174 1089 1249 inquit,
1111 1191 1158 1233 me
1172 1177 1280 1234 adsm-

308 1265 389 1332 nart',
411 1262 481 1320 dant
501 1277 540 1318 ex
554 1266 656 1319 eventa
669 1262 838 1332 inteltepas,
861 1275 901 1316 an
915 1275 1055 1318 cenenum
1066 1260 1151 1331 patri
1163 1267 1214 1317 tua
1227 1260 1281 1318 de-

309 1346 412 1405 derim.
449 1344 533 1403 Vixit
553 1342 700 1402 Domitius
724 1349 754 1401 et
773 1349 912 1401 servatus
932 1358 951 1400 a
971 1341 1101 1400 Caesare
1115 1348 1173 1399 est.
1199 1341 1282 1415 prior

310 1438 409 1489 tamen
426 1428 509 1486 illum
525 1442 634 1485 servus
650 1431 839 1484 servaverat.

282 1527 297 1577 1
373 1511 466 1568 XXV.
494 1510 579 1568 Bello
602 1509 681 1567 civili
699 1510 902 1582 proscriptum
918 1505 1073 1567 dominum
1088 1523 1199 1566 servus
1214 1507 1280 1566 abs

311 1594 415 1653 condit
436 1600 480 1665 et,
502 1608 570 1650 cum
592 1594 700 1651 anulos
722 1593 787 1651 eins
808 1590 867 1650 sibi
887 1599 1025 1665 aptasset
1045 1606 1081 1649 aa
1101 1598 1220 1649 vestem
1240 1590 1281 1648 in-

312 1677 444 1747 duisset,
474 1675 718 1749 speculatoribus
741 1674 875 1734 occurrit
894 1675 1029 1748 nihilque
1055 1690 1090 1732 se
1113 1672 1281 1747 deprecari,

312 1777 373 1833 quo
388 1748 487 1817 min'us
505 1757 652 1832 imperata
663 1764 858 1832 peragerent,
881 1759 957 1818 dixit
968 1764 997 1817 et
1009 1757 1119 1815 deinde
1132 1758 1282 1816 cervicem

311 1842 456 1917 porrexit.
495 1841 602 1914 Quanti
621 1842 677 1901 viri
698 1850 747 1901 est
767 1858 822 1915 pro
847 1842 970 1900 domino
991 1856 1028 1900 eo
1051 1847 1189 1913 tempore
1208 1837 1283 1898 mori

311 1928 398 1998 velle,
417 1942 478 1998 quo
491 1933 554 1985 erat
565 1941 635 1984 rara
646 1926 723 1984 fides
737 1924 892 1984 dominum
907 1924 982 1982 mori
998 1924 1099 1982 nollet
1118 1924 1149 1981 in
1163 1922 1284 1996 publiea

312 2008 489 2069 crudelitate
510 2009 611 2067 mitem
633 2008 775 2079 inveniri,
800 2009 829 2065 in
852 2008 972 2081 publica
993 2007 1120 2081 perfidia
1141 2006 1284 2065 fidelemt

312 2110 379 2152 cum
395 2091 530 2166 praemia
545 2091 726 2166 proditionis
743 2092 875 2163 ingentia
893 2091 1101 2163 ostendantur,
1117 2090 1284 2163 praemium

311 2176 384 2235 fidei
399 2181 526 2233 mortem
542 2173 784 2247 concupisceret

284 2272 299 2322 1
373 2257 480 2315 XXVl.
514 2256 615 2316 Nostri
638 2258 733 2316 seculi
755 2260 895 2332 exempla
917 2274 978 2318 non
1004 2255 1186 2331 praeteribo.
1221 2254 1284 2315 Sub

312 2340 431 2398 Tiberio
448 2339 578 2397 Caesare
595 2338 651 2399 luit
662 2342 828 2400 accusandi
843 2344 988 2423 frequens
1004 2348 1035 2400 et
1049 2354 1147 2414 paene
1163 2339 1285 2413 publica

313 2422 430 2494 rabies,
457 2438 536 2496 quae
556 2423 636 2481 omni
652 2422 732 2482 civili
754 2424 831 2483 bello
847 2425 969 2498 gravius
985 2429 1117 2500 togatam
1132 2421 1285 2482 civitatem

314 2505 460 2565 coniecit:
491 2504 700 2579 excipiebatur
719 2507 871 2567 ebriorum
892 2524 1007 2578 sermo,
1036 2505 1216 2579 simplicitas
1241 2504 1285 2565 io·

314 2588 456 2648 cantium.
489 2588 562 2646 nihil
577 2597 641 2648 erat
654 2595 759 2648 tutum.
792 2590 890 2650 omnis
907 2590 1063 2649 saeviendi
1078 2589 1220 2663 placebat
1234 2602 1284 2647 oc·

314 2673 409 2731 casio.
445 2687 502 2729 nec
517 2672 576 2730 iam
585 2688 707 2731 reorum
720 2674 956 2746 exspectabatur
967 2680 1105 2743 eventus,
1121 2678 1286 2731 comesset

313 2771 404 2813 unus.
444 2754 597 2812 coenabat
617 2754 729 2812 Paulus
753 2755 921 2827 praetorius
941 2759 970 2817 in
993 2755 1133 2816 convivio
1151 2754 1283 2830 quodam

313 2834 476 2907 imaginem
497 2834 608 2894 Tiberii
630 2836 769 2895 Caesaris
791 2836 907 2896 habens
929 2847 1072 2915 ectypam
1090 2845 1119 2897 et
1133 2838 1285 2896 eminente

285 2933 443 2992 agemma.
476 2917 553 2976 Rem
569 2915 789 2993 ineptissimam
804 2920 922 2994 secero,
945 2923 971 2981 si
987 2937 1067 2981 nunc
1080 2921 1176 2980 verba
1192 2935 1284 2995 quae-

314 3002 410 3072 siero,
439 3001 694 3074 quemadmodum
715 3002 813 3061 dicam
838 3004 922 3062 illum
942 3006 1081 3064 matelam
1103 3004 1285 3077 sumpsisse.
1319 3074 1322 3078 ¹

314 3085 397 3159 quod
413 3085 523 3144 lactum
539 3085 628 3144 simul
643 3093 672 3145 et
688 3086 773 3145 Maro
789 3102 827 3144 ex
843 3086 923 3146 notis
937 3087 1017 3147 illius
1033 3087 1178 3161 temporis
1193 3085 1285 3146 vesti·

274 3216 276 3220 ,
313 3168 470 3242 gatoribus
492 3170 623 3243 notavit,
652 3177 682 3229 et
702 3184 811 3228 servus
833 3167 915 3244 eius,
944 3170 1066 3245 quando
1087 3170 1288 3230 nectebantur

313 3252 458 3323 insidiae,
474 3252 501 3309 ei
516 3252 600 3311 ebrio
616 3254 740 3312 anulum
755 3254 893 3312 extraxit.
916 3260 946 3313 et
961 3270 1028 3313 cum
1039 3253 1125 3312 Maro
1139 3252 1287 3312 convivas

313 3341 474 3394 testaretur
489 3334 641 3393 admotam
656 3352 726 3395 csse
741 3336 901 3409 imagmem
917 3337 1081 3396 obscoenis
1096 3343 1126 3395 et
1140 3336 1199 3394 iam
1215 3335 1287 3395 sub

315 3418 512 3490 scriptionem
534 3426 736 3492 conponeret,
767 3420 900 3479 ostendit
924 3420 953 3478 in
979 3436 1071 3479 manu
1095 3434 1153 3478 sua
1177 3434 1287 3478 servus

316 3500 446 3639 anubim.
483 3498 516 3558 Si
537 3500 606 3575 quis
626 3499 707 3560 hunc
722 3518 845 3562 servum
860 3509 964 3579 vocat,
985 3512 1016 3566 et
1029 3504 1112 3563 illurn
1126 3502 1286 3562 convivam

314 3596 394 3640 voca
416 3584 446 3641 it.
