2942 4384
389 459 672 546 marmaricus
692 459 830 522 amru.
853 469 973 523 11—13.
1127 459 1169 525 or

190 610 372 679 insolubile,
389 624 457 668 cum
473 608 621 668 creditum
635 610 751 669 nullum
765 626 826 670 non
843 611 921 669 solvi
937 618 988 670 aut
1004 610 1103 686 possit
1117 622 1170 673 aut

192 695 317 755 debeat.
350 692 441 753 Adeo
460 692 640 751 beneficium
663 692 800 753 utilitatis
825 708 920 753 causa
944 694 1079 754 dandum
1106 706 1200 757 nona

192 785 261 849 est,-
280 782 314 837 ut
327 791 439 849 saepe,
460 776 715 848 quemadmodum
730 776 808 847 dixi,
831 792 898 836 cum
913 777 1026 837 damno
1048 775 1099 837 aut
1115 795 1167 853 pe-

191 861 292 921 riculo
307 860 441 919 dandum
457 858 505 918 sit.
528 858 580 918 Sic
594 858 763 919 latronibus
776 858 1013 922 circumventum
1025 862 1168 936 delendo,

193 952 228 1006 ut
241 950 307 1004 tuto
321 942 453 1003 transire
468 942 666 1016 permittatur.
701 959 787 1002 reum
801 945 898 1017 gratia
920 944 1107 1005 laborantem
1123 953 1170 1004 tu-

193 1043 252 1088 eor
270 1034 303 1087 et
322 1025 477 1084 hominum
507 1026 673 1099 potentium
706 1026 867 1086 factionem
888 1028 918 1085 in
944 1044 993 1087 me
1014 1037 1170 1101 converto,

194 1126 275 1187 quas
290 1108 333 1169 illi
348 1108 512 1168 detraxero
527 1109 654 1179 sordes,
676 1109 734 1167 sub
750 1110 980 1170 accusatoribus
996 1112 1094 1171 isdem
1110 1113 1170 1171 lor·

194 1204 281 1255 tasse
296 1198 488 1266 sumpturam,
511 1205 581 1251 oum
605 1189 689 1250 abire
709 1192 740 1249 in
763 1202 878 1267 partem
903 1196 1027 1253 alteram
1052 1196 1169 1269 possim

195 1284 227 1337 et
240 1291 372 1336 securus
387 1279 530 1348 spectare
544 1275 643 1334 aliena
658 1277 832 1334 certamina.
865 1277 1005 1350 spondeo
1021 1294 1077 1351 pro
1093 1277 1169 1336 iudi·
1184 1292 1203 1344 a

195 1364 267 1420 cato
287 1365 320 1418 et
340 1357 502 1431 suspensis
519 1356 608 1416 amici
627 1355 717 1416 bonis
738 1359 871 1417 libellum
892 1358 991 1418 deicio
1014 1360 1170 1419 creditori-

195 1443 256 1503 bus
272 1442 340 1501 eius
355 1456 404 1499 me
417 1439 616 1513 obligaturus.
637 1447 671 1499 ut
685 1441 803 1514 possim
818 1457 943 1499 servare
955 1444 1170 1516 proscriptum,

195 1526 267 1601 ipse
283 1521 515 1599 proscriptionis
538 1523 705 1596 periculum
726 1524 815 1583 adeo.
851 1525 946 1585 Nemo
966 1526 1170 1585 Tusculanum

197 1618 250 1670 aut
264 1607 450 1668 Tiburtinam
467 1613 627 1679 paraturus
643 1607 829 1667 salubritatis
845 1624 939 1667 causa
954 1618 983 1669 et
1000 1610 1107 1669 aestivi
1123 1625 1171 1667 se-

197 1708 310 1753 cessus
326 1698 419 1767 quoto
434 1705 534 1748 annuo
556 1697 713 1763 empturus
735 1691 774 1750 sit
795 1691 944 1765 disputat:
968 1709 1035 1753 cum
1057 1693 1171 1764 emerit,

197 1775 417 1835 tuendumest.
453 1772 568 1832 Eadem
594 1772 624 1833 in
647 1773 797 1833 beneficio
824 1775 900 1835 ratio
926 1783 982 1834 est.
1017 1793 1085 1835 nam
1103 1783 1204 1837 cumt

199 1857 452 1932 interrogaveris,
478 1856 550 1930 quid
577 1856 703 1931 reddat,
726 1858 940 1931 respondebo=
962 1860 1074 1919 bonam
1098 1876 1171 1919 con·

199 1942 368 2003 scientiam.
405 1939 483 2013 Quid
507 1939 616 2000 reddat
640 1940 842 2002 beneficiumt
876 1942 971 2001 dictu
986 1942 1075 2014 mihi,
1098 1942 1172 2017 quid

198 2025 311 2085 reddat
327 2024 455 2095 iustitia,
479 2023 553 2096 quid
568 2023 756 2096 innocentia,
779 2024 851 2097 quid
874 2025 1049 2097 magnitudo
1072 2025 1172 2096 animi,

200 2109 274 2183 quid
297 2106 456 2183 pudicitia,
480 2105 554 2180 quid
575 2107 789 2180 temperantia,
812 2106 838 2166 si
862 2105 1026 2181 quicquam
1051 2115 1173 2182 praeter

199 2192 303 2267 ipsas,
323 2194 405 2265 ipsas
421 2205 482 2248 non
502 2190 591 2262 petis.
624 2190 657 2249 ln
673 2190 747 2264 quid
768 2190 901 2250 mundus
919 2191 1004 2249 vices
1026 2207 1099 2250 suas
1120 2189 1204 2258 ab-5

201 2274 315 2335 solvitt
336 2274 365 2332 in
389 2272 462 2346 quid
483 2274 530 2332 sol
559 2273 640 2332 diem
661 2273 798 2334 extendit
816 2282 848 2333 et
869 2270 1039 2334 contrahit?
1073 2274 1175 2333 omnia

200 2358 259 2418 ista
273 2356 426 2416 beneficia
439 2362 520 2414 sunt
543 2355 618 2415 liunt
632 2357 710 2416 euim
722 2357 813 2417 nobis
826 2358 992 2431 prolatura.
1013 2357 1173 2431 Quomodo

202 2440 308 2501 mundi
323 2438 458 2499 olficium
472 2446 520 2498 est
535 2439 741 2514 circumagere
755 2457 856 2500 rerum
873 2441 1025 2514 ordinem,
1046 2457 1174 2517 quomo-

203 2525 242 2585 do
259 2522 351 2597 solis,
373 2522 442 2581 loca
455 2529 571 2581 mutare
591 2523 757 2598 exquibus
778 2524 905 2598 oriatur,
926 2525 956 2582 in
979 2542 1058 2598 quae
1078 2524 1174 2596 cedat,

204 2607 324 2668 ethaeo
340 2606 484 2667 salutaria
497 2605 588 2665 nobis
605 2606 706 2666 lacere
721 2608 788 2666 sine
804 2609 955 2681 praemio=
975 2608 1015 2665 ita
1031 2608 1088 2665 viri
1105 2606 1171 2663 olli-

205 2692 283 2750 cium
298 2696 347 2749 est
360 2690 438 2749 inter
453 2689 513 2747 alia
527 2696 557 2747 et
570 2688 752 2749 beneficium
773 2690 857 2750 dare.
894 2689 993 2761 Quare
1013 2704 1086 2762 ergo
1102 2688 1175 2746 datr

204 2789 242 2833 ne
255 2789 319 2833 non
334 2773 400 2844 det,
422 2787 461 2830 ue
476 2771 671 2833 occasionem
685 2772 896 2832 benefaciendi
914 2772 1031 2846 perdat.

264 2856 344 2915 Xlli.
363 2856 461 2915 Vobis
483 2856 623 2930 voluptas
649 2863 697 2915 est
716 2856 821 2916 inertis
847 2856 914 2930 otii,
936 2858 1038 2914 facere
1064 2871 1205 2929 corpu-1

205 2940 323 3001 sculum
337 2946 368 2999 et
382 2940 574 2999 securitatem
592 2941 701 3013 sopitis
716 2939 897 2999 simillimam
911 2940 1057 3013 adpetere
1072 2949 1102 2999 et
1118 2939 1175 2998 sub

205 3025 303 3083 densa
317 3022 425 3082 umbra
438 3022 556 3082 latitare
567 3022 804 3098 ‘tenerrimisque
825 3024 1073 3097 cogitationibus,
1098 3039 1175 3097 quas

203 3105 449 3181 tranquillitatem
465 3107 596 3185 vocatis,
620 3107 711 3165 animi
726 3108 889 3167 marcentis
904 3106 1058 3167 oblectare
1071 3115 1176 3179 torpo-

205 3205 267 3250 rem
283 3196 314 3249 et
330 3188 407 3247 cibis
423 3189 662 3263 potionibusque
677 3188 755 3250 intra
768 3191 924 3251 hortorum
943 3189 1086 3250 latebram
1109 3205 1175 3248 eor·

206 3290 283 3346 pora
297 3272 420 3346 ignavia
441 3274 583 3345 pallentia
598 3273 755 3345 saginare:
778 3274 867 3333 nobis
880 3274 1023 3346 voluptas
1039 3283 1087 3334 est
1102 3274 1176 3332 dare
1191 3282 1208 3332 a

205 3356 357 3416 beneficia
371 3356 420 3413 vel
436 3357 606 3429 laboriosa,
627 3357 698 3415 dum
714 3358 840 3416 aliomm
862 3357 983 3416 labores
1002 3360 1110 3429 levent,
1128 3358 1177 3413 vel

206 3440 397 3514 periculosa,
419 3439 491 3498 dum
515 3440 592 3499 alios
615 3440 759 3513 periculis
782 3440 955 3511 extrahant,
978 3442 1027 3498 vel
1042 3442 1177 3498 rationes

205 3531 330 3584 nostras
343 3522 560 3596 adgravatam,
583 3523 655 3582 dum
674 3524 801 3582 aliorum
817 3526 1015 3585 necessitates
1036 3530 1066 3581 et
1083 3538 1177 3595 angu-

204 3606 281 3667 stias
296 3608 408 3665 laxent
444 3605 522 3678 Quid
544 3622 612 3666 mea
634 3608 759 3666 interest
780 3624 818 3666 an
840 3607 984 3679 recipiam
1010 3605 1211 3665 beneficiata
1304 3605 1306 3608 ’

204 3689 296 3751 etiam
311 3704 380 3751 eum
393 3703 557 3765 recepero,
581 3690 682 3750 danda
698 3698 778 3750 sunt
813 3687 1082 3809 Beneficium*eius
1095 3705 1176 3749 coui-

974 3782 990 3832 5
