2942 4384
272 473 282 480 ”
360 468 411 528 DE
427 466 551 527 BENEF
553 465 641 526 tells
660 466 733 525 LIB.
746 466 799 526 vl.
820 474 936 531 7-11.
1080 466 1141 532 113

163 636 256 697 quam
278 617 420 678 nescisse
442 618 514 692 quid
538 618 675 677 laceret?
714 616 828 676 Eadem
849 634 900 677 res
922 618 1015 678 elficit
1034 636 1073 679 ne
1092 620 1174 683 lrict

161 703 345 764 beneficium
367 702 501 774 dederit,
531 718 570 760 ne
593 702 643 761 ille
665 700 802 760 iniuriam
824 702 944 760 lecerit:
967 711 997 761 ct
1011 705 1140 763 amicum

161 794 191 849 ει
203 785 363 847 inimicum
377 785 614 845 voluntaslacit.
643 785 737 857 Quam
754 786 865 845 mullos
882 786 1003 845 militiae
1015 788 1139 845 morbus

161 870 296 945 cripuit?
319 869 481 942 quosdam,
498 883 536 926 ne
548 868 587 926 ad
599 869 714 927 ruinam
728 869 838 927 domus
850 877 1139 941 suacoccurrcrent,

160 954 302 1014 inimicus
314 952 491 1030 vadimonio
509 952 613 1010 tenuit.
639 968 677 1010 ne
692 951 722 1009 in
735 951 898 1025 piratarum
911 969 1020 1012 manus
1033 968 1140 1027 perve-

161 1039 274 1108 nirent,
300 1035 427 1110 quidam
448 1034 607 1108 naufragio
624 1036 780 1095 consecuti
798 1042 882 1094 sunt:
905 1052 963 1095 nec
977 1036 1024 1096 bis
1040 1045 1141 1095 tamen

161 1117 346 1181 beneficium
360 1118 523 1190 debemus,
539 1118 683 1193 quoniam
698 1127 784 1178 extra
799 1134 925 1178 sensum
941 1119 1033 1181 ollicii
1049 1135 1141 1180 casus

161 1212 222 1277 est,
238 1217 298 1261 nec
313 1200 451 1275 inimica,
468 1202 555 1261 cuius
570 1218 627 1261 nos
640 1203 676 1261 lis
689 1201 837 1275 servavit,
854 1204 924 1261 dum
937 1210 1076 1263 vexatae
1088 1204 1141 1262 de-

161 1288 243 1348 tinet.
271 1286 341 1344 Non
356 1292 403 1344 cst
417 1284 597 1345 beneficium
613 1284 671 1345 nisi
686 1287 770 1359 quod
782 1300 800 1342 a
813 1285 893 1344 bona
903 1289 1059 1346 voluntate
1071 1304 1140 1362 pro·
1155 1297 1173 1351 3

162 1370 325 1441 ficiscitur,
352 1368 411 1427 nisi
432 1367 506 1427 illud
527 1369 689 1443 adgnoscit
704 1372 756 1443 qui
771 1369 863 1428 dedit.
899 1368 1015 1429 Profuit
1029 1369 1141 1443 aliquis

161 1453 249 1527 milri,
274 1453 350 1512 dum
369 1452 481 1511 nescit:
510 1450 582 1510 nihil
602 1452 644 1512 illi
665 1453 774 1511 debeo.
807 1453 933 1528 proluit,
961 1468 1030 1512 cum
1051 1455 1142 1512 vellet

162 1552 294 1597 nocere:
321 1533 462 1594 imitabor
476 1535 588 1608 ipsum.

222 1619 260 1679 X.
283 1620 334 1677 Ad
349 1619 477 1693 primum
492 1618 575 1679 illum
589 1626 795 1680 revertamur:
815 1627 848 1679 ut
862 1619 988 1693 gratiam
1001 1620 1140 1693 reseram,
1157 1632 1171 1683 1

162 1702 279 1779 aliquid
300 1702 402 1762 lacere
422 1718 471 1760 me
491 1703 565 1762 vis?
598 1704 666 1777 ipse
687 1711 719 1762 ut
739 1704 923 1763 beneficium
948 1702 1020 1763 milri
1044 1705 1140 1776 daret,

163 1787 236 1846 nihil
258 1786 340 1844 iecit.
375 1786 416 1845 Ut
430 1785 470 1845 ad
485 1786 610 1845 alterum
627 1795 835 1847 transeamus:
858 1786 905 1846 vis
921 1803 969 1845 me
987 1788 1057 1847 lruic
1074 1804 1140 1862 gra-

164 1872 236 1929 tiam
251 1869 384 1942 reterre,
407 1876 437 1927 ut
453 1869 536 1944 quod
553 1886 572 1927 a
586 1872 708 1929 nolente
726 1872 849 1943 accepi,
872 1874 979 1929 volens
994 1873 1143 1930 reddam?

162 1954 239 2013 Nam
260 1951 336 2027 quid
357 1953 395 2010 dc
416 1952 503 2012 tertio
522 1954 645 2027 loquar,
670 1952 723 2027 qui
737 1952 775 2011 ab
791 1953 899 2012 iniuria
913 1954 943 2011 ln
960 1953 1141 2013 beneficium

163 2037 313 2111 delapsus
329 2042 397 2095 estt
424 2042 458 2095 ut
471 2033 652 2096 beneficium
668 2036 720 2096 tibi
737 2036 880 2106 debeam,
901 2052 1007 2109 parum
1025 2044 1072 2096 est
1086 2054 1141 2095 vo-

165 2120 259 2180 luisse
274 2125 304 2177 ιε
319 2119 403 2178 dare.
426 2126 459 2178 ut
473 2135 533 2178 non
549 2119 693 2193 debeam,
709 2121 784 2179 satis
800 2126 848 2179 cst
861 2119 1009 2178 noluisse.
1043 2120 1139 2177 Bene·
1155 2125 1172 2176 2

163 2203 266 2263 licium
283 2202 363 2260 enim
380 2203 519 2263 voluntas
535 2203 618 2262 nuda
631 2219 693 2261 non
708 2202 817 2275 elficit,
834 2204 890 2263 sed
903 2202 986 2277 quod
999 2201 1141 2262 benefici-

163 2303 214 2347 um
230 2302 295 2346 non
309 2293 407 2359 essct,
423 2286 448 2345 si
461 2287 593 2360 optimae
605 2302 641 2344 ac
654 2285 851 2361 plenissimae
862 2285 1010 2347 voluntati
1022 2288 1142 2346 fortuna
1172 2352 1174 2357 ,

165 2369 307 2441 deesset,
329 2368 360 2426 ld
377 2385 476 2444 aeque
491 2369 674 2428 beneficium
689 2386 750 2430 non
766 2376 827 2441 est,
851 2369 911 2429 nisi
923 2371 1074 2430 fortunam
1088 2386 1140 2429 vo-

164 2454 265 2513 luntas
280 2452 453 2524 antecessit.
480 2470 541 2513 ncn
557 2453 636 2510 enim
652 2454 806 2527 proluisse
820 2461 850 2513 ιε
866 2453 937 2511 mihi
952 2460 1088 2527 oportet,
1109 2461 1142 2512 ut

165 2536 204 2598 ob
219 2534 281 2595 h'oc
295 2533 348 2594 tibi
365 2536 490 2609 obliger,
512 2537 568 2594 sed
583 2552 623 2593 cx
638 2536 789 2596 destinato
806 2536 970 2610 proluisse.

226 2618 279 2681 XI.
302 2616 461 2677 Cleanthes
474 2619 614 2692 exemplo
627 2619 777 2679 eiusmodi
790 2619 896 2678 utitur:
916 2619 985 2691 „Ad
994 2633 1141 2692 quaeren-
1157 2624 1172 2675 1

166 2703 254 2774 dum,
270 2699 382 2773 inquit,
398 2708 429 2759 et
445 2703 663 2760 accersendum
677 2718 716 2760 ex
728 2701 884 2761 academia
895 2701 1050 2759 Platonem
1062 2700 1140 2760 duos

166 2800 281 2860 pueros
302 2783 386 2842 misi:
409 2784 484 2843 alter
498 2792 591 2844 totam
608 2785 756 2859 porticum
773 2790 983 2858 perscrutatus
999 2789 1061 2856 cst,
1082 2784 1142 2842 alia

167 2882 296 2944 quoque
306 2867 383 2938 loca,
397 2867 549 2941 inquibus
563 2867 646 2927 illum
659 2868 786 2927 inveniri
798 2884 894 2943 posse
905 2866 1057 2943 sperabat,
1073 2884 1142 2942 pcr-

167 2948 304 3028 cucurrlt
319 2957 348 3009 et
362 2950 485 3009 dantum
503 2967 563 3010 non
580 2950 680 3011 minus
695 2953 797 3011 lassus
813 2968 903 3026 quam
918 2952 1024 3011 inritus
1042 2951 1141 3011 rediit.
1170 2953 1176 2962 ‘

166 3033 244 3093 alter
259 3032 344 3106 apud
360 3033 532 3107 proximum
547 3034 757 3094 circulatorem
772 3036 886 3094 resedit
897 3041 942 3106 ct,
958 3035 1029 3093 dum
1043 3044 1173 3108 vagusl

165 3124 259 3191 atque
274 3130 421 3176 erroneus
436 3117 607 3176 vernaculis
623 3124 824 3191 congregatur
836 3125 866 3176 et
877 3118 965 3187 ludit,
981 3123 1140 3176 transeun-

167 3206 228 3258 tem
235 3198 400 3272 Platoncm,
413 3214 503 3273 quem
514 3216 575 3259 non
584 3202 765 3274 quaesierat,
778 3200 901 3258 invenit.
925 3199 1020 3270 lllum,
1036 3198 1140 3272 inquit,

167 3281 371 3343 laudabimus·
377 3298 520 3357 puerum,
539 3282 606 3357 qui,
630 3282 819 3356 quantumin
836 3297 870 3340 εε
886 3287 964 3352 erat,
981 3280 1064 3354 quod
1079 3281 1139 3341 ius-

168 3382 223 3426 sus
233 3372 283 3428 εει
294 3365 379 3424 lecit:
394 3366 474 3425 hunc
486 3366 611 3428 feliciter
621 3364 747 3423 inertem
757 3362 1003 3438 castigabimus.“
1023 3363 1140 3423 Volun-
1155 3372 1173 3426 3

166 3456 214 3525 tas
237 3456 299 3522 est,
323 3464 403 3523 quae
424 3450 506 3524 apud
524 3465 581 3509 nos
598 3448 682 3523 ponit
697 3447 841 3508 officium.
872 3448 959 3507 cuius
977 3446 1045 3506 vide
1061 3463 1142 3519 quae

169 3533 311 3593 condicio
337 3533 390 3605 sit,
419 3539 453 3594 ut
480 3549 528 3592 me
554 3533 656 3592 debito
685 3532 861 3606 obstringat.
901 3532 1010 3589 Parum
1031 3538 1079 3588 est
1100 3530 1141 3588 illi

167 3616 264 3689 velle,
280 3614 340 3674 nisi
355 3615 482 3689 proluit:
501 3632 612 3691 parum
626 3623 673 3675 est
684 3616 855 3689 proluisse,
871 3614 930 3673 nIsi
942 3613 1045 3672 voluit.
1069 3621 1142 3687 puta

168 3702 249 3759 enim
263 3698 396 3773 aliquem
410 3699 526 3761 donare
538 3700 673 3763 voluisse
687 3713 745 3760 nec
757 3699 906 3761 donasse:
926 3698 1060 3758 animum
1075 3698 1140 3775 qui-

212 3802 315 3841 ssnsca
333 3802 403 3842 aaa.
425 3787 457 3842 tl.
971 3786 990 3843 8
