2942 4384
429 439 945 566 uxum.ouxnsr.t1a1v.2
1112 492 1174 564 245

199 650 267 717 tur,
283 639 394 702 deinde
409 641 589 703 continuatis
601 642 689 717 aquis
705 642 735 701 in
751 640 857 700 laciem
873 641 922 700 lati
939 657 974 700 ac
987 642 1097 701 turbidi
1113 649 1173 703 ma·

199 726 244 785 ris
260 734 394 799 stagnat,
418 741 602 801 cursumque
623 725 664 784 illi
687 727 921 799 violentiamque
941 725 1030 799 eripit
1049 726 1174 787 latitudo

199 809 374 884 regionum,
395 808 426 868 in
443 826 520 883 quas
535 810 706 868 extenditur
719 810 828 868 dextra
841 809 990 882 laevaque
1005 816 1097 867 totam
1112 826 1172 867 am·

200 893 313 969 plexus
327 893 513 969 Aegyptum.
541 891 689 966 Quantum
705 892 800 951 crevit
813 890 911 963 Nilus,
934 900 1047 951 tantum
1063 893 1131 965 spei
1146 894 1206 952 tna

200 990 314 1037 annum
330 984 385 1035 est.
407 991 464 1035 nec
476 976 649 1053 conputatio
665 975 739 1034 lallit
750 975 927 1047 agricolam:
944 975 1022 1034 adeo
1037 976 1077 1033 ad
1092 990 1174 1033 men-

199 1074 306 1119 suram
320 1056 454 1118 fluminis
468 1059 635 1132 respondet
649 1063 769 1131 [terra],
792 1074 882 1131 quam
900 1059 1025 1117 lertilem
1042 1057 1112 1117 lacit
1125 1059 1174 1117 Ni·

199 1143 260 1201 lus.
293 1141 322 1199 ls
344 1157 474 1202 arenoso
495 1149 524 1201 et
544 1141 655 1200 sitienti
676 1143 744 1200 solo
766 1147 796 1199 et
816 1157 925 1214 aquam
943 1141 1058 1202 inducit
1073 1149 1103 1201 et
1117 1150 1174 1201 ter-

197 1240 282 1284 ram:
309 1239 378 1283 nam
394 1240 463 1284 cum
476 1225 666 1284 turbulentus
682 1223 770 1297 fluat,
798 1240 918 1283 omnem
933 1225 963 1282 in
978 1225 1068 1283 siccis
1086 1231 1115 1282 et
1128 1224 1173 1283 hi-

199 1306 324 1367 antibus
348 1307 424 1367 locis
449 1309 565 1366 faecem
588 1307 731 1381 relinquit
756 1313 785 1364 et
810 1308 956 1382 quicquid
980 1308 1092 1380 pingue
1108 1309 1174 1367 tulit

199 1405 323 1463 secum,
345 1390 500 1451 arentibus
521 1391 596 1451 locis
614 1391 718 1449 adlinit
732 1390 876 1464 iuvatque
892 1406 982 1463 agros
999 1390 1118 1449 duabus
1134 1406 1173 1449 ex

200 1472 322 1546 causis,
337 1480 367 1533 et
382 1475 464 1549 quod
475 1474 602 1533 inundat
616 1481 645 1533 et
658 1473 742 1547 quod
756 1471 888 1531 oblimat.
911 1473 1013 1547 itaque
1027 1473 1172 1548 quicquid

199 1572 262 1616 non
286 1556 414 1627 adiuvit,
443 1556 545 1617 sterile
560 1573 596 1616 ac
612 1556 784 1631 squalidum
799 1556 886 1615 iacet.
921 1556 953 1615 Si
970 1557 1065 1615 crevit
1080 1572 1174 1631 super

199 1639 350 1713 debitum,
366 1640 478 1700 nocuit.
505 1639 581 1700 Mira
597 1642 700 1715 itaque
716 1648 822 1699 natura
839 1639 1089 1714 fluminis‚>quod
1105 1653 1216 1703 cumto

199 1720 294 1781 ceteri
309 1738 413 1782 amnes
428 1723 552 1783 abluant
565 1731 661 1783 terras
674 1731 703 1783 et
714 1724 899 1793 eviscerent,
911 1723 1010 1794 Nilus,
1027 1730 1109 1782 tanto
1124 1740 1173 1782 ee-

198 1805 273 1865 teris
289 1804 398 1879 maior,
421 1807 498 1866 adeo
516 1807 587 1865 nihil
603 1807 705 1866 exedit
723 1819 783 1866 'nec
798 1806 929 1879 abradit,
945 1813 978 1866 ut
992 1814 1097 1866 contra
1110 1808 1173 1866 adi-

200 1888 261 1947 ciat
273 1888 353 1947 vires
366 1890 550 1963 nimiumque
567 1891 597 1948 in
614 1906 651 1949 eo
667 1891 719 1961 sit,
736 1891 821 1963 quod
837 1891 935 1949 solum
951 1897 1107 1963 temperat.
1129 1892 1172 1949 in-

199 1970 260 2030 lato
278 1973 358 2029 enim
379 1973 449 2031 limo
471 1989 580 2033 arenas
599 1982 714 2033 saturat
736 1980 766 2032 et
779 1974 875 2045 iungit
889 1971 1041 2047 debetque
1056 1973 1097 2032 illi
1112 1973 1172 2032 Ae·

199 2056 315 2131 gypt'us
331 2072 391 2116 non
409 2064 522 2116 tantum
539 2058 719 2116 fertilitatem
741 2065 902 2130 terrarum,
923 2056 979 2114 sed
994 2058 1088 2129 ipsas.
1119 2056 1212 2120 lllall

200 2139 297 2197 133133
313 2140 515 2213 pulcherrima
526 2148 588 2211 est,
605 2157 671 2199 cum
686 2141 746 2198 iam
764 2155 798 2199 se
818 2138 848 2197 in
865 2156 957 2213 agros
971 2140 1056 2198 Nilus
1071 2139 1172 2211 inges-

200 2222 254 2281 sit:
276 2223 369 2283 latent
384 2224 483 2297 campi
504 2231 690 2298 apertaeque
705 2231 775 2282 sunt
790 2225 894 2281 valles.
925 2223 1039 2297 oppida
1059 2223 1173 2281 insula-

198 2320 266 2363 rum
282 2305 373 2365 mcdo
389 2314 519 2366 exstant.
547 2308 662 2366 nullum
685 2307 713 2364 in
727 2306 956 2365 mediterraneis
973 2305 1032 2364 nisi
1047 2321 1102 2380 per
1120 2307 1172 2364 na-

198 2388 281 2461 vigia
302 2390 516 2449 commercium
536 2397 598 2448 est:
630 2390 727 2449 maior
742 2396 789 2448 est
802 2390 914 2449 laetitia
928 2390 1084 2463 gentibus,
1111 2406 1172 2463 quo

198 2472 300 2530 minus
315 2480 462 2532 terrarum
477 2489 599 2531 suarum
617 2474 727 2532 vident.
751 2472 802 2532 Sic
818 2489 942 2547 quoque
962 2490 1030 2549 cum
1048 2488 1083 2531 se
1098 2472 1215 2546 ripisll

199 2554 333 2614 continet
346 2556 445 2627 Nilus,
463 2572 518 2630 per
529 2565 656 2629 septena
671 2557 748 2616 ostia
762 2557 792 2614 in
807 2572 889 2615 mare
901 2555 1051 2615 emittitur.
1076 2556 1173 2630 quod-

198 2652 331 2712 cumque
356 2639 484 2713 elegeris
505 2654 544 2697 ex
563 2640 625 2711 his,
652 2656 734 2698 mare
757 2647 812 2697 331.
843 2641 954 2698 multos
978 2639 1173 2697 nihilominus

197 2719 349 2793 ignobiles
369 2738 471 2781 ramos
494 2722 523 2781 in
545 2723 627 2781 aliud
641 2731 731 2797 atque
747 2723 829 2781 aliud
844 2723 914 2781 litus
930 2720 1065 2796 porrigit.
1088 2721 1172 2781 Cete-

196 2820 263 2861 rum
279 2802 385 2863 beluas
402 2807 524 2865 marinis
541 2808 588 2864 vel
605 2806 810 2878 magnitudine
830 2806 879 2865 vel
894 2822 977 2865 noxa
991 2821 1083 2879 pares
1098 2805 1172 2863 edu-

198 2894 262 2957 cat,
279 2893 361 2946 etex
376 2904 414 2947 eo
433 2895 563 2961 quantus
580 2890 618 2948 sit
632 2890 785 2949 aestimari
803 2896 917 2962 potest,
941 2889 1023 2963 quod
1040 2889 1173 2962 ingentia

197 2969 339 3028 animalia
360 2978 390 3030 et
411 2972 523 3045 pabulo
545 2971 706 3031 sufficienti
727 2980 758 3031 et
777 2974 816 3031 ad
832 2972 1003 3045 vagandum
1018 2974 1087 3032 loco
1100 2988 1172 3033 con·

196 3050 281 3111 tinet.
309 3053 473 3126 Balbinus,
494 3053 626 3114 virorum
650 3056 783 3130 optimus
809 3057 1027 3130 proiectusque
1046 3055 1077 3114 in
1093 3054 1174 3115 omni
1186 3059 1215 3112 13

196 3136 350 3194 literarum
371 3151 483 3210 genere
506 3137 667 3211 rarissimi,
695 3145 801 3197 auctor
829 3144 889 3209 cst,
916 3140 1067 3210 cumipse
1084 3153 1172 3211 prae-

196 3217 296 3277 lectus
309 3218 458 3280 obtineret
468 3222 662 3297 Aegyptum,
681 3220 892 3278 Heracleotiro
908 3218 988 3278 ostio
999 3220 1072 3292 Nili,
1089 3220 1172 3294 quod

196 3307 245 3359 est
259 3302 438 3375 maximum,
458 3304 635 3377 spectaculo
650 3302 709 3361 sibi
724 3302 820 3361 luisse
836 3301 1049 3375 delphinorum
1064 3317 1082 3360 a
1095 3300 1172 3361 mari

195 3387 438 3444 concurrentium
451 3394 480 3444 et
491 3379 714 3445 crocodilorum
727 3384 877 3444 aflumine
888 3384 1050 3445 adversum
1063 3400 1172 3458 agmen

195 3468 351 3540 agentium
368 3471 448 3528 velut
464 3485 519 3543 pro
536 3470 670 3546 partibus
687 3469 843 3543 proelium.
868 3470 1041 3528 crocodilos
1056 3468 1094 3526 ab
1107 3468 1171 3525 ani—

194 3550 325 3609 malibus
346 3551 475 3624 placidis
495 3569 662 3626 morsuque
679 3553 811 3614 innoxiis
827 3552 936 3611 victos.
962 3553 1018 3611 His
1031 3551 1171 3626 superior
1179 3559 1213 3614 14

195 3647 269 3707 pars
290 3635 430 3707 corporis
457 3636 533 3696 dura
552 3644 582 3697 et
601 3634 830 3709 inpenetrabilis
851 3642 898 3694 est
919 3635 1006 3694 etiam
1022 3635 1171 3695 maiorum

194 3716 369 3775 animalium
392 3717 549 3795 dentibus,
576 3725 605 3778 at
625 3718 750 3779 inferior
768 3720 868 3779 mollis
890 3734 926 3777 ac
943 3726 1056 3779 tenera.
1091 3718 1170 3778 banc
