2942 4384
398 496 539 557 NATUR.
560 495 720 570 QUAEST.
743 496 815 556 LIB.
831 496 896 557 vll.
918 504 1049 561 13-17.
1147 494 1210 560 307

236 650 349 709 bellum
365 654 499 707 cometes
514 646 628 707 effulsit
644 664 704 707 non
720 647 818 708 minor
833 650 908 707 sole.
939 648 1035 722 primo
1050 648 1157 723 igneus
1172 665 1208 709 ac

237 733 425 791 rubicundus
441 731 524 789 orbis
539 730 594 789 luit
610 731 787 805 clarumque
804 732 903 789 lumen
919 732 1071 803 emittens,
1095 740 1208 805 quanto

236 815 373 875 vinceret
398 821 527 873 noctem.
562 814 672 874 deinde
697 815 838 888 paulatim
865 814 1039 887 magnitudo
1065 815 1206 874 eiusad-

238 896 342 956 stricta
362 905 409 956 est
429 905 458 956 ει
478 897 600 956 evanuit
614 897 745 956 claritas.
770 896 937 957 novissime
952 904 1051 956 autem
1067 904 1148 957 totus
1164 897 1207 956 in·

237 980 364 1039 tercidit.
401 980 479 1053 Quot
501 994 573 1053 ergo
590 978 672 1037 coire
687 982 792 1039 stellas
808 986 942 1053 oportet,
964 987 996 1039 ut
1010 987 1122 1039 tantum
1141 996 1207 1040 cor-

238 1080 297 1136 pus
319 1063 469 1121 alliciant?
490 1063 570 1121 mille
590 1061 620 1120 in
642 1079 733 1121 unum
753 1064 823 1123 licet
837 1078 1021 1137 congreges,
1044 1079 1208 1138 numquam

236 1146 318 1205 hunc
334 1145 466 1204 habitum
483 1147 558 1205 solis
572 1148 756 1219 aequabunt.
787 1148 888 1206 Attalo
906 1154 1050 1219 regnante
1064 1147 1147 1206 initio
1158 1151 1237 1206 tto-2

237 1235 333 1286 metes
348 1229 486 1287 modicus
501 1228 650 1303 adparuit.
674 1228 785 1288 deinde
800 1229 922 1288 sustulit
935 1245 970 1287 se
982 1229 1163 1304 diffuditque
1180 1237 1210 1289 ει

237 1326 338 1384 usque
355 1313 384 1368 in
400 1312 650 1384 aequinoctialem
668 1311 812 1371 circulum
827 1314 922 1384 venit,
945 1312 987 1371 ita
1001 1319 1034 1371 ut
1048 1313 1127 1370 illam
1145 1315 1207 1385 pla-

237 1410 307 1468 gam
329 1394 421 1464 coeli,
445 1393 492 1451 cui
513 1396 610 1453 lactea
629 1410 739 1453 nomen
757 1402 817 1466 est,
837 1396 866 1453 in
884 1396 1051 1453 inmensum
1068 1403 1208 1455 extentus

237 1483 392 1550 aequaret·
429 1475 508 1549 Quot
523 1492 595 1549 ergo
612 1478 794 1536 convenisse
806 1478 917 1537 debent
928 1478 1087 1550 erraticae,
1103 1486 1137 1538 ut
1147 1486 1207 1538 tam
1224 1528 1226 1531 .

238 1562 361 1633 longum
376 1560 452 1617 coeli
467 1567 594 1619 tractum
609 1567 795 1633 occuparent
808 1562 878 1633 igne
892 1560 1058 1620 continuo?

298 1642 377 1700 XVI.
411 1642 550 1702 Contra
575 1651 836 1717 argumentum
859 1644 1094 1715 dictumest,
1117 1651 1236 1701 con-1

236 1733 295 1785 tra
315 1730 437 1783 testes
458 1725 659 1784 dicendum
681 1733 749 1785 est·
774 1741 831 1785 nec
851 1743 961 1801 magna
981 1727 1207 1785 molitione-de-

235 1808 384 1867 trahenda
406 1814 454 1865 est
473 1808 637 1867 auctoritas
651 1808 790 1880 Ephoro:
811 1810 973 1869 historiens
989 1816 1044 1869 est.
1081 1809 1207 1882 Quidam

229 1890 456 1950 incredibilium
476 1890 571 1949 relatu
587 1892 878 1950 commendationem
895 1899 1002 1966 parant
1015 1898 1046 1950 et
1064 1893 1208 1950 lectorem

236 1972 318 2032 aliud
338 1981 487 2045 acturum,
510 1974 536 2031 si
559 1988 613 2047 per
635 1973 787 2032 cotidiana
806 1974 975 2045 duceretur,
994 1974 1139 2032 miraculo
1155 1989 1207 2031 ex-

237 2056 336 2115 citant.
359 2056 481 2127 quidam
494 2056 622 2128 creduli,
639 2055 762 2129 quidam
774 2057 968 2129 neglegentes
981 2064 1059 2115 sunt.
1083 2055 1206 2129 quibus·
1221 2115 1223 2118 .

237 2138 307 2197 dam
321 2138 512 2197 mendacium
527 2139 660 2211 obrepit,
679 2139 862 2212 quibusdam
878 2140 991 2211 placet=
1013 2139 1054 2196 illi
1070 2155 1129 2197 non
1145 2140 1206 2197 evi·

235 2228 314 2293 tant,
344 2220 374 2277 hi
400 2221 556 2294 adpetunt.
596 2221 729 2279 Haecin
752 2236 912 2281 commune
934 2222 973 2281 de
993 2229 1056 2282 tota
1076 2222 1234 2291 nationea

237 2318 317 2377 quae
337 2303 501 2376 adprobari
522 2321 601 2378 opus
623 2320 710 2363 suum
731 2312 762 2363 et
780 2304 845 2362 fieri
866 2305 1014 2378 populare
1038 2321 1099 2364 non
1124 2311 1208 2378 putet

236 2400 341 2460 posse,
359 2386 417 2443 nisi
429 2386 502 2444 illud
514 2388 672 2446 mendacio
685 2387 885 2461 adsperserit:
906 2388 1049 2462 Ephorus
1061 2403 1134 2446 vero
1146 2404 1206 2446 non
1244 2460 1246 2466 Ι
1330 2418 1332 2420 -

236 2476 284 2527 εει
303 2467 553 2542 religiosissimae
570 2470 655 2527 fidei=
678 2485 772 2543 saepe
788 2470 945 2543 decipitur,
968 2487 1063 2545 saepe
1078 2470 1206 2543 decipit:
1245 2510 1250 2525 ,

236 2553 315 2609 sicut
333 2550 382 2610 lric
404 2559 555 2623 cometen,
578 2552 630 2626 qui
651 2554 783 2611 omnIum
803 2554 971 2613 mortalium
988 2555 1084 2613 oculis
1105 2559 1203 2611 custo·

236 2635 317 2693 ditus
333 2641 394 2706 est,
418 2635 489 2708 quia
509 2637 638 2708 ingentis
654 2636 698 2693 rei
715 2634 806 2694 traxit
820 2644 974 2706 eventum,
998 2651 1065 2695 cum
1081 2636 1205 2695 Helicen

236 2725 266 2776 et
288 2718 379 2774 Burin
401 2724 468 2776 ortu
483 2734 539 2777 suo
557 2718 708 2791 merserit,
731 2717 868 2777 altilium
884 2718 1111 2778 discessissem
1128 2719 1206 2777 duas

236 2799 355 2871 stellas,
377 2801 460 2874 quod
476 2809 596 2874 praeter
609 2801 691 2861 illum
708 2817 796 2861 nenio
810 2802 939 2861 tradidit.
962 2802 1030 2876 quis
1042 2800 1120 2860 enirn
1134 2808 1235 2875 pos-3

236 2889 283 2941 set
298 2882 464 2942 observare
478 2884 549 2942 illud
566 2891 766 2954 momentum,
784 2900 844 2958 quo
860 2894 994 2945 cometes
1006 2887 1122 2944 solutus
1135 2885 1205 2943 etin

237 2965 315 3022 duas
337 2973 439 3039 partes
460 2967 603 3027 redactus
625 2974 691 3027 est?
716 2969 871 3041 quomodo
892 2976 1004 3040 autem,
1025 2969 1051 3027 si
1069 2976 1130 3040 est,
1155 2968 1206 3040 qui

235 3047 345 3107 viderit
365 3058 501 3109 cometen
524 3049 553 3108 in
575 3052 652 3111 duas
673 3050 786 3123 dirimi,
806 3068 895 3111 nemo
912 3052 985 3111 vidit
998 3050 1064 3110 lieri
1078 3067 1117 3110 ex
1132 3052 1205 3110 dua·

234 3131 314 3188 bast
335 3146 430 3205 quare
444 3140 543 3191 antem
559 3149 618 3191 non
632 3134 756 3205 adiecit,
779 3134 808 3191 iu
822 3150 899 3206 quas
911 3135 1014 3193 stellas
1026 3134 1144 3192 divisus
1156 3133 1204 3205 sit,

235 3228 304 3272 num
319 3213 421 3288 aliqua
435 3231 475 3273 ex
490 3216 625 3290 quinque
639 3214 734 3274 stellis
751 3230 821 3273 esse
837 3216 994 3274 debuerit?

296 3295 389 3355 XVll.
421 3299 656 3371 Apollonius
677 3297 856 3374 Myndius
884 3298 919 3355 in
942 3297 1099 3357 diversa
1121 3296 1231 3371 opi-1

235 3380 349 3438 nione
370 3387 443 3439 est:
466 3381 507 3441 ait
526 3383 605 3440 enim
620 3388 756 3440 cometen
773 3397 833 3440 non
849 3398 941 3440 unum
956 3396 995 3439 ex
1009 3381 1109 3440 multis
1124 3396 1205 3439 erra:

234 3462 302 3522 ticis
317 3462 413 3535 ellici,
437 3465 493 3523 sed
511 3466 621 3524 multos
634 3472 768 3524 cometas
780 3466 925 3524 erraticos
937 3480 1018 3523 esse.
1051 3464 1136 3535 „Nou
1149 3473 1204 3536 est,

234 3546 346 3619 inquit,
367 3547 488 3620 species
503 3549 581 3608 falsa
596 3563 652 3606 nec
668 3549 795 3607 duarum
811 3550 963 3607 stellarum
979 3547 1111 3608 confinio
1126 3548 1205 3619 ignis

234 3634 390 3701 extentuS,
413 3631 469 3688 sed
491 3632 645 3705 proprium
667 3632 754 3690 sidus
775 3639 908 3691 cometes
923 3638 972 3690 est
986 3632 1064 3691 sicut
1078 3630 1153 3690 solis
1169 3645 1204 3689 ac

234 3712 334 3771 lunae.
374 3712 455 3772 Talis
476 3712 517 3773 illi
538 3715 634 3774 lorma
655 3719 716 3787 est,
743 3730 804 3775 oon
825 3715 853 3773 in
875 3715 1038 3774 rotundum
1058 3711 1203 3787 restricta,

984 3796 1041 3857 ιιι*
