2942 4384
266 470 307 534 96
552 470 586 532 L.
607 468 754 529 ANNAEI
776 469 950 530 SENECAE

234 639 252 693 a
325 623 475 685 Dicitur
499 639 605 683 nemo
631 623 808 697 ingratus
836 637 940 682 esse:
969 622 1001 681 id
1018 622 1065 682 sic
1080 621 1228 698 colligitur.
1271 637 1273 670 t

263 709 469 786 „Beneficium
483 707 626 781 estquod
642 703 776 780 prodest.
801 707 951 780 prodesse
966 713 1066 774 autem
1082 722 1174 768 nemo
1186 708 1229 766 ho
1270 681 1273 762 l

262 793 335 854 mini
350 794 429 850 malo
445 797 567 865 potest,
589 797 622 849 ut
636 790 734 848 dicitis
752 789 854 849 Stoici.
891 805 965 863 ergo
978 789 1164 849 beneficium
1179 805 1230 849 non
1272 799 1273 820 ³

263 876 374 951 accipit
394 877 507 933 malus:
531 874 639 951 [nullas
655 876 753 946 itaque
766 877 872 943 malus]
895 873 1030 945 ingratus
1044 880 1102 932 est.
1132 874 1231 934 Etiam·

244 1021 247 1034 ,
263 975 343 1020 nunc
358 957 541 1018 beneficium
557 956 687 1015 honesta
701 963 729 1015 ct
744 955 909 1029 probabilis
924 971 975 1014 res
991 964 1047 1016 est.
1078 957 1164 1030 apud
1178 972 1232 1015 ma·

263 1045 324 1103 lum
343 1041 415 1100 nulli
433 1041 580 1100 honestae
598 1039 642 1097 rei
660 1047 711 1098 aut
732 1038 880 1112 probabili
900 1041 987 1100 locus
1009 1047 1065 1099 est.
1094 1056 1171 1115 ergo
1185 1053 1234 1098 nec

263 1125 423 1186 beneficio.
448 1124 531 1197 quod
545 1122 571 1181 si
583 1122 724 1196 accipere
740 1140 800 1181 non
817 1131 932 1196 potest,
956 1137 1012 1181 nec
1025 1123 1161 1184 reddere
1176 1122 1233 1197 qui·
1272 1179 1273 1184 ,

236 1210 334 1269 ldenr
346 1208 451 1267 debet:
474 1214 504 1266 et
515 1207 583 1264 ideo
597 1222 657 1265 non
669 1204 703 1264 fit
714 1205 860 1279 ingratus.
882 1206 1071 1279 Etiamnunc,
1086 1214 1121 1266 ut
1133 1205 1234 1280 dicitis,

264 1293 365 1352 bonus
377 1292 423 1350 vir
438 1290 539 1349 omnia
553 1296 635 1348 recte
651 1290 729 1348 facit.
753 1289 778 1348 si
795 1289 989 1348 omniarecte
1001 1290 1087 1361 facit,
1103 1290 1234 1364 ingratus

265 1391 407 1437 essenon
423 1381 534 1456 potest.
564 1374 669 1432 Bonus
681 1372 864 1432 beneficium
874 1373 987 1444 reddit,
1003 1374 1104 1433 malus
1117 1390 1179 1433 non
1191 1388 1234 1432 ec

265 1460 346 1534 cipit.
376 1460 458 1534 quod
474 1458 500 1517 si
517 1465 579 1530 est,
602 1470 658 1513 nec
673 1456 773 1515 bonus
787 1456 949 1530 quisquam
965 1456 1104 1529 ingratus
1121 1464 1235 1517 estnec

237 1545 377 1613 5malus=
401 1542 441 1600 ita
455 1542 592 1613 ingratus
607 1540 636 1597 in
652 1555 751 1597 rerum
768 1547 876 1599 natura
891 1547 938 1599 est
952 1544 1073 1599 nemo.“
1103 1542 1152 1599 At
1170 1540 1235 1599 hoc

265 1627 389 1684 inane.
423 1625 522 1684 Unum
538 1629 584 1679 est
599 1622 682 1695 apud
697 1637 754 1681 nos
770 1622 898 1695 bonum,
919 1623 1091 1682 honestum.
1126 1625 1157 1683 id
1174 1639 1234 1698 per·

263 1709 368 1767 venire
383 1705 420 1765 ad
438 1707 548 1764 malum
562 1722 621 1763 non
638 1712 749 1778 potest.
772 1707 891 1765 desinet
906 1706 984 1765 enim
1000 1708 1098 1765 malus
1112 1722 1198 1780 esse,
1212 1704 1235 1765 si

265 1790 303 1848 ad
316 1790 397 1847 illum
407 1789 502 1847 virtus
514 1787 679 1847 intraverit.
703 1788 848 1862 quamdiu
859 1797 958 1848 autem
971 1791 1070 1849 malus
1082 1799 1139 1864 est,
1152 1803 1235 1849 nemo

264 1873 305 1932 illi
322 1874 395 1932 dare
405 1871 586 1930 beneficium
601 1879 716 1946 potest,
732 1873 803 1945 quia
814 1873 895 1932 bona
906 1875 1046 1946 malaque
1057 1874 1236 1933 dissentiunt

151 1962 162 1982 s
264 1973 321 2016 nec
337 1956 365 2014 in
381 1973 472 2016 unum
490 1963 576 2015 eunt:
596 1956 666 2014 ideo
681 1972 770 2015 nemo
786 1955 828 2014 illi
843 1957 983 2031 prodest,
1007 1956 1079 2029 quia
1094 1954 1235 2032 quicquid

235 2052 252 2107 6
265 2043 303 2100 ad
315 2040 398 2099 illum
411 2039 561 2113 pervenit,
577 2039 608 2097 id
622 2055 716 2112 pravo
729 2056 789 2098 usu
801 2041 1012 2113 corrumpitur.
1038 2037 1235 2112 Quer'nadnro

265 2125 336 2184 dum
358 2123 535 2183 stomachus
557 2121 663 2181 morbo
684 2122 806 2182 vitiatus
824 2130 855 2181 el
870 2122 1018 2196 colligens
1033 2122 1142 2198 bilem,
1166 2137 1235 2198 que
1264 2119 1270 2134 '

265 2223 414 2280 scumque
435 2206 554 2278 accepit
574 2206 659 2265 cibos
678 2213 774 2264 mutat
788 2213 818 2265 et
833 2222 921 2265 omne
936 2207 1109 2266 alimentum
1126 2206 1154 2265 in
1170 2222 1236 2265 cau·

266 2307 331 2349 sam
346 2289 461 2347 doloris
478 2288 578 2360 trahit,
603 2289 643 2347 ila
659 2290 778 2349 animus
795 2306 921 2361 caecus,
940 2290 1084 2363 quicquid
1102 2291 1144 2349 illi
1159 2306 1236 2350 com-

264 2372 401 2442 miseris,
423 2370 454 2429 id
475 2387 553 2430 onus
569 2387 658 2431 suum
674 2380 703 2431 et
717 2372 882 2446 perniciem
897 2380 927 2431 et
942 2372 1138 2433 occasionem
1150 2373 1236 2433 mise·

265 2455 329 2514 riae
345 2455 425 2514 iacit.
452 2454 634 2513 felicissimis
645 2455 748 2529 itaque
762 2455 1062 2530 opulentissimisque
1079 2457 1235 2531 plurimum

266 2544 369 2598 aestus
395 2537 501 2597 subest
520 2536 682 2613 minusque
703 2554 738 2597 se
758 2539 927 2611 inveniunt,
955 2556 1015 2614 quo
1040 2542 1069 2598 in
1095 2541 1237 2600 maiorem

237 2622 419 2688 ‘tmateriam
434 2620 614 2696 inciderunt,
631 2638 692 2696 qua
704 2622 932 2683 fluctuarentur.
960 2622 1041 2696 Ergo
1054 2622 1128 2682 nihil
1141 2628 1238 2698 potest

265 2706 306 2766 ad
321 2706 418 2765 malos
434 2706 608 2779 pervenire,
629 2706 713 2779 quod
728 2706 840 2780 prosit,
863 2707 952 2765 immo
967 2706 1054 2779 nihil,
1079 2707 1166 2781 quod
1179 2721 1237 2766 non

265 2796 384 2848 noceat.
421 2804 633 2861 quaecumque
654 2789 733 2846 enim
754 2788 813 2849 illis
831 2790 1033 2863 contigerunt,
1056 2788 1087 2848 in
1103 2797 1238 2849 naturam

266 2886 352 2930 suam
372 2877 491 2929 vertunt
505 2878 535 2929 et
555 2878 641 2929 extra
661 2872 805 2945 speciosa
826 2875 1060 2947 prolatumque,
1081 2874 1109 2932 si
1125 2870 1238 2932 meliori

266 2953 424 3025 darentur,
446 2952 504 3011 illis
525 2952 671 3027 pestilera
693 2964 774 3015 sunt.
809 2956 879 3016 ideo
896 2972 954 3016 nec
970 2956 1152 3016 beneficium
1168 2956 1238 3015 dare

265 3042 411 3111 possunt,
437 3037 580 3110 quoniam
603 3051 691 3095 nemo
714 3046 830 3113 potest,
853 3039 937 3114 quod
952 3056 1013 3100 non
1028 3039 1135 3114 hahet,
1157 3040 1238 3099 dare

266 3119 327 3197 [hic
343 3119 552 3180 benefaciendi
567 3121 722 3180 voluntate
737 3128 841 3194 caret]

238 3217 253 3269 1
329 3202 405 3262 Xlll.
429 3202 491 3262 Sed
507 3204 645 3278 quamvis
657 3203 734 3263 hacc
746 3207 785 3265 lta
797 3204 871 3278 sint,
888 3207 1029 3281 accipere
1041 3206 1132 3267 etiarn
1142 3206 1239 3266 malus

267 3293 366 3348 tamen
376 3287 526 3359 quaedam
539 3295 648 3362 potest,
665 3305 744 3362 quae
756 3289 913 3349 beneficiis
926 3290 1035 3350 similia
1046 3291 1115 3362 sint,
1129 3289 1239 3365 quibus

266 3387 327 3430 non
341 3370 469 3429 redditis
480 3371 616 3444 ingratus
628 3372 693 3431 erit.
716 3371 794 3432 Sunt
804 3372 895 3432 animi
906 3374 997 3445 bona,
1010 3380 1081 3433 sunt
1091 3373 1239 3447 corporis,

266 3462 337 3514 sunt
348 3453 502 3512 fortunae:
524 3454 575 3511 illa
585 3456 675 3514 animi
690 3454 772 3514 bona
783 3472 801 3515 a
812 3458 903 3516 stulto
917 3474 953 3516 ac
964 3458 1043 3516 malo
1057 3458 1240 3517 submoven-

265 3545 324 3598 tur.
354 3536 391 3595 ad
408 3536 485 3594 haec
500 3535 677 3609 admittitur,
697 3555 777 3613 quae
792 3546 822 3597 et
836 3541 976 3614 accipere
992 3547 1092 3615 potest
1107 3547 1138 3601 et
1152 3539 1241 3599 debet

266 3620 406 3691 reddere,
421 3626 459 3693 el,
476 3618 502 3678 si
516 3635 575 3678 non
587 3621 699 3693 reddit,
716 3622 852 3695 ingratus
866 3631 921 3686 est.
946 3640 1002 3683 nec
1015 3624 1073 3682 hoc
1085 3639 1126 3682 ex
1137 3631 1240 3682 nostra

267 3707 382 3762 tantum
399 3702 627 3763 constitutione:
654 3703 844 3780 Peripatetici
861 3723 999 3783 quoque,
1020 3705 1073 3782 qui
1092 3705 1239 3804 felicitatis
