2942 4384
382 450 437 510 DE
458 449 672 512 BENEFICHS
691 452 764 512 [ΑΒ.
779 453 831 512 IV.
853 461 987 518 23—26.
1134 456 1174 521 75

208 602 289 678 cipit
310 599 482 662 sordidum
502 600 599 660 virtus
621 608 802 661 amatorem:
825 604 926 663 soluto
947 605 985 663 nd
1009 605 1087 664 illam
1104 607 1173 668 sinu

207 685 381 746 miendum
396 691 454 743 est
485 683 625 758 Ingratus
641 685 700 744 hoc
715 686 842 759 cogitat=
863 687 1030 758 „volebam
1046 690 1172 761 gratiam

209 770 314 840 lerre,
349 767 413 827 sed
434 767 525 826 timeo
546 767 722 843 inpensam,
745 769 834 828 timeo
858 769 1040 843 pericnlum,
1064 787 1174 832 vereor

207 851 351 912 tensam.
389 850 499 908 inciam
521 852 624 923 potius
639 851 723 925 quod
737 851 893 925 expedit.“
922 852 988 911 Nou
1006 860 1106 926 potest
1121 871 1171 914 ea-

207 952 245 994 rm
269 935 359 994 ratio
383 939 415 992 et
435 939 552 1006 gratum
567 934 669 992 iacere
683 941 714 993 et
727 934 886 1008 ingratum.
921 943 954 994 ut
968 936 1090 996 diversa
1106 938 1171 997 illo-

207 1035 242 1077 mr
260 1032 387 1092 opera,
401 1014 443 1075 ita
459 1015 579 1076 diversa
594 1017 672 1076 inter
684 1031 719 1075 se
734 1019 893 1092 proposita
907 1025 992 1078 suut:
1007 1019 1057 1079 ille
1070 1020 1170 1094 ingra-

208 1109 312 1173 sest,
337 1099 482 1173 quamvis
503 1115 563 1160 non
580 1106 735 1172 oporteat,
756 1100 829 1174 quia
843 1102 977 1176 expedit.
1003 1101 1053 1162 hic
1067 1111 1172 1177 gratus

207 1193 234 1255 a,
251 1182 407 1260 quanrvis
423 1198 483 1241 non
499 1182 657 1257 expediat,
673 1183 746 1256 quia
760 1190 890 1257 oportet.

264 1267 371 1328 XXV.
393 1264 587 1339 Propositum
609 1272 656 1324 est
676 1266 765 1325 nobis
780 1267 949 1325 secundum
964 1283 1064 1326 rerum
1085 1275 1201 1328 natu-t

207 1367 244 1410 nn
259 1350 378 1410 vivere
392 1354 423 1407 et
437 1348 564 1409 deorum
578 1350 752 1422 exemplum
767 1350 871 1422 sequi:
891 1349 922 1407 di
936 1356 1052 1420 autem,
1073 1351 1170 1423 quod-

207 1448 319 1508 amque
341 1431 472 1503 faciunt,
499 1430 529 1489 in
556 1447 593 1491 eo
616 1432 690 1505 quid
710 1439 830 1505 praeter
854 1432 953 1504 ipsam
973 1432 1103 1490 lactendi
1123 1449 1171 1490 m·

208 1532 304 1576 onem
319 1521 514 1589 sequuntur?
528 1514 586 1573 nisi
603 1516 681 1574 torte
698 1513 768 1575 illos
781 1515 936 1574 existimas
952 1516 1080 1574 iruotum
1096 1531 1170 1589 ope-

207 1617 249 1659 rm
271 1608 409 1659 suorum
430 1612 470 1656 ex
493 1599 575 1658 fumo
597 1605 736 1657 extorum
752 1604 782 1657 et
796 1599 871 1658 turis
890 1598 985 1657 odore
1000 1597 1168 1673 percipere.

207 1684 265 1742 'lde
282 1688 403 1757 quanta
418 1679 530 1740 cotidie
546 1681 720 1754 moliantur,
737 1688 849 1755 quanta
867 1681 1058 1754 distribuant,
1074 1691 1200 1756 quan-2

208 1772 354 1825 sterras
380 1763 529 1824 fructibus
561 1764 710 1837 inpleant,
743 1781 835 1838 quam
867 1764 1050 1839 opportunis
1083 1767 1168 1826 etin

208 1862 299 1907 mnes
312 1862 387 1908 orus
402 1847 568 1906 terentibus
586 1847 683 1905 ventis
698 1848 793 1906 marin
814 1854 1024 1922 permoveant,
1048 1849 1168 1923 quantis

207 1931 340 1990 nbribus
360 1937 489 2004 repente
511 1928 637 1989 deiectis
660 1932 761 1989 solum
782 1931 917 1991 molliant
931 1946 1087 2004 venasque
1102 1932 1169 1991 lon-

208 2031 260 2074 um
273 2019 399 2072 arentes
414 2012 621 2086 redintegrent
631 2019 661 2072 et
674 2012 776 2073 inluso
788 2028 844 2089 per
855 2014 975 2072 occulta
988 2013 1169 2073 nutrimento

208 2104 314 2156 ovenl.
339 2094 448 2156 Omnia
459 2096 517 2155 ista
528 2095 594 2154 sine
608 2097 766 2169 mercede,
783 2096 850 2155 sine
865 2097 926 2155 ullo
944 2095 983 2154 ad
997 2094 1084 2169 ipsos
1098 2112 1167 2173 per-

208 2179 334 2238 eniente
349 2179 511 2238 commodo
526 2179 648 2238 faciunt.
679 2179 747 2239 Hoc
761 2187 867 2240 nostra
884 2193 1008 2252 quoque
1029 2179 1120 2250 ratio,
1142 2177 1200 2239 sit

207 2261 415 2336 bexemplnri
436 2277 494 2321 suo
516 2278 578 2320 non
593 2261 727 2334 aberrat,
750 2270 867 2336 servet,
888 2278 927 2320 ne
948 2262 987 2320 ad
1007 2277 1058 2321 res
1074 2260 1168 2322 hone-

207 2353 251 2404 tas
273 2344 430 2405 conducta
451 2343 561 2403 veniat.
588 2343 705 2404 Pudeat
719 2347 812 2406 ullum
832 2346 941 2407 venale
960 2361 1033 2405 esse
1053 2345 1168 2406 benefi-

207 2429 286 2489 iumz
315 2427 466 2502 gratuitos
481 2427 628 2486 habemus
645 2428 732 2487 deos.

248 2510 361 2570 XXVI.
381 2508 438 2584 „Si
453 2511 546 2583 deos,
569 2509 681 2583 inquit,
703 2509 846 2585 imitaris,
868 2512 908 2570 da
930 2519 959 2571 et
974 2511 1098 2585 ingratis
1114 2512 1165 2572 be·
1183 2525 1197 2577 1

208 2594 315 2654 elicio=
338 2609 409 2652 uam
429 2600 460 2652 et
476 2593 633 2652 sceleratis
649 2593 696 2653 sol
711 2595 808 2653 oritur
821 2601 851 2653 et
866 2593 970 2668 piratis
987 2601 1089 2667 patent
1104 2610 1166 2652 ma-

207 2678 261 2736 iu.“
295 2677 481 2736 Hocloco
504 2677 765 2750 interrogant,
786 2676 1167 2736 anvirbonusdntu·
1252 2744 1256 2751 Ι

209 2775 252 2820 us
282 2760 337 2819 sit
356 2757 592 2818 beneficium
620 2760 789 2833 ingrato,
821 2758 954 2818 sciens
976 2758 1168 2832 ingratum

212 2858 289 2902 sse.
308 2843 449 2917 permitte
469 2841 541 2901 milri
556 2842 670 2916 aliquid
689 2841 860 2918 interloqui,
876 2856 915 2900 ne
930 2841 1168 2916 interrogatione

207 2925 340 2985 nsidiosa
362 2925 526 2998 capiamur.
555 2926 641 2985 Duos
662 2942 700 2985 ex
716 2925 930 2986 constitutione
942 2925 1046 2985 Stoica
1059 2927 1164 3000 accipe
1179 2937 1197 2989 2

207 3015 343 3082 tgratosz
358 3009 434 3068 alter
444 3014 492 3068 est
501 3009 653 3082 ingratus,
669 3011 740 3083 qrtia
754 3011 863 3069 stultus
875 3016 930 3068 est.
953 3011 1062 3069 stultus
1075 3010 1164 3068 etiam

207 3093 363 3152 natusest
395 3091 468 3165 quia
482 3093 580 3151 malus
595 3099 657 3163 est,
681 3093 764 3152 nullo
780 3093 854 3152 vitio
869 3099 966 3151 caret=
987 3108 1060 3165 ergo
1076 3099 1106 3151 et
1122 3092 1165 3149 in-

208 3182 293 3234 ratus
314 3182 374 3234 est
420 3173 472 3234 Sin
495 3189 602 3234 omnes
624 3176 722 3233 malos
744 3176 890 3245 dicimus,
920 3172 1165 3246 intemperantes

208 3273 316 3329 varos,
332 3257 526 3332 luxuriosos,
542 3257 708 3331 malignos,
722 3273 783 3316 nou
797 3257 868 3332 quia
880 3255 981 3315 omnia
992 3255 1049 3314 ista
1062 3255 1165 3328 singu·

209 3356 224 3398 s
244 3356 361 3415 magna
379 3347 410 3400 et
430 3349 502 3401 nota
519 3341 591 3400 vitia
612 3346 699 3416 sunt,
723 3341 780 3398 sed
796 3339 866 3413 quin
881 3353 952 3396 esse
968 3345 1113 3412 possunt=
1138 3345 1167 3397 et

207 3430 273 3495 unt,
289 3423 411 3484 etiamsi
424 3424 524 3483 latent.
546 3425 631 3483 Alter
645 3430 693 3482 est
703 3421 854 3496 ingratus,
877 3421 928 3495 qui
941 3424 1032 3495 volgo
1049 3422 1166 3494 dicitur,

207 3521 217 3563 t
232 3506 292 3566 lroc
307 3507 414 3566 vilium
430 3515 537 3567 natura
551 3522 735 3582 propensus.
765 3504 809 3564 llli
829 3505 961 3578 ingrato,
985 3504 1036 3579 qni
1051 3506 1095 3563 sic
1110 3503 1198 3566 hact

209 3590 278 3665 ulpn
300 3606 364 3649 non
381 3598 478 3660 caret,
501 3590 656 3663 quomodo
672 3591 754 3647 nulla
769 3596 865 3662 caret,
888 3589 971 3648 dabit
985 3587 1166 3647 beneficium

207 3668 235 3731 ir
248 3673 368 3735 bonus=
390 3673 464 3734 nulli
479 3674 558 3733 enim
572 3673 646 3734 dare
661 3673 786 3749 poterit,
805 3672 832 3733 si
846 3675 922 3735 tales
937 3671 1076 3733 homines
1094 3671 1165 3732 sub·
