2942 4384
315 473 379 539 ato
605 471 640 533 t.
661 470 808 532 anunm
829 468 1005 531 sumum
1072 453 1076 460 '
1129 423 1153 506 „3

319 627 436 689 luisset.
478 624 560 698 „Nec
575 622 731 696 invidebo,
754 621 864 696 inquit,
886 622 976 682 vobis
991 620 1049 680 hac
1064 629 1143 695 arte,
1166 622 1225 683 sed
1240 623 1294 683 do-

318 710 395 770 cebo
411 724 482 778 ens,
505 708 616 781 quibus
634 706 772 780 quaesito
788 721 866 778 opus
882 714 943 777 est,
960 706 1217 779 quemadmodum
1232 724 1295 767 non

318 794 441 853 dubiam
465 790 615 850 lortnnam
638 789 745 860 maris,
768 804 828 847 non
847 787 966 847 emendi
983 789 1197 864 vendendique
1212 789 1294 850 litem

318 876 462 946 subeant,
486 890 546 932 non
562 873 705 930 incertam
721 872 813 930 fidem
829 870 923 942 ruris,
945 871 1136 931 incertiorem
1148 873 1206 932 fori
1221 881 1293 932 tem-

319 965 417 1034 ptent,
439 954 694 1031 quemadmodum
714 970 774 1012 non
795 954 894 1012 solum
911 953 1006 1026 sacili,
1030 956 1190 1013 sedetiam
1206 955 1294 1014 hilari

288 1047 305 1099 8
323 1041 372 1100 via
384 1038 544 1114 pecuniam
555 1037 666 1096 saciant
676 1038 908 1110 gaudentesque
919 1036 1092 1110 dispolient.
1119 1039 1171 1110 Te,
1186 1037 1293 1112 inquit,

318 1122 485 1196 longiorem
499 1120 522 1179 F
523 1121 574 1179 ido
587 1122 714 1179 Annaeo
729 1119 836 1179 iurabo
852 1126 882 1178 et
892 1120 1056 1193 Apollonio
1067 1128 1170 1195 pycta,
1187 1137 1293 1195 quam-

317 1207 365 1265 vis
386 1213 530 1265 staturam
551 1202 666 1262 habeas
691 1202 813 1262 Threcia
831 1219 897 1261 cam
914 1201 1029 1261 Threce
1049 1204 1211 1277 conpositi.
1240 1204 1293 1263 ho-

318 1290 429 1347 minem
451 1287 574 1361 quidem
590 1302 651 1345 non
667 1300 738 1344 esse
755 1285 845 1344 ullum
862 1283 1063 1345 liberaliorem
1078 1303 1139 1345 non
1154 1287 1292 1359 mentiar,

320 1388 388 1431 cum
415 1370 519 1446 possis
546 1369 643 1427 videri
670 1369 809 1428 omnibus
832 1367 983 1443 donasse,
1011 1367 1157 1443 quicquid
1183 1370 1292 1428 dereli-

291 1454 442 1529 thnisti.“
484 1454 528 1512 lta
548 1459 609 1525 est,
635 1451 675 1509 mi
696 1451 808 1511 Iunior.
841 1467 902 1526 quo
924 1452 1058 1525 apertior
1080 1460 1128 1511 est
1147 1452 1292 1525 adulatio,

320 1552 382 1613 quo
397 1535 563 1610 inprobior,
586 1550 647 1608 quo
662 1534 758 1607 magis
774 1535 902 1593 frontem
917 1550 1002 1594 suam
1019 1534 1189 1608 perfricuit,
1214 1535 1292 1593 ceci-

319 1622 363 1680 dit
378 1619 523 1688 alienam,
545 1617 604 1675 hoc
620 1617 707 1694 citius
723 1625 886 1690 expugnat.
910 1632 947 1677 eo
960 1619 1039 1676 enim
1050 1619 1109 1676 iam
1121 1618 1292 1677 dementiae

281 1701 472 1773 lovenimus,
500 1700 604 1773 utqui
626 1714 717 1773 parce
732 1700 879 1772 adulatur,
904 1715 959 1774 pro
974 1702 1105 1774 maligno
1127 1699 1175 1760 sit.
1207 1699 1292 1760 Sole-

318 1785 387 1842 bam
409 1784 462 1843 tibi
484 1782 586 1841 dicere
607 1782 791 1855 Gallionem,
813 1784 935 1841 fratrem
956 1798 1070 1855 meum,
1094 1799 1292 1857 quemnemo

319 1884 379 1927 non
401 1882 508 1940 parum
530 1872 624 1937 amat,
644 1865 735 1925 etiam
752 1866 802 1940 qui
818 1882 918 1924 amare
934 1867 1003 1941 plns
1019 1882 1080 1925 non
1096 1874 1211 1941 potest,
1235 1866 1293 1926 alia

319 1949 391 2009 vitia
411 1964 471 2007 non
492 1964 602 2022 nosse,
624 1947 684 2008 hoc
705 1963 774 2006 eum
795 1949 908 2007 odisse.
946 1950 994 2007 Ab
1010 1948 1091 2009 onrni
1105 1949 1187 2008 illum
1206 1958 1292 2023 parte

319 2031 486 2106 temptasti:
508 2031 660 2105 ingenium
672 2032 830 2104 suspicere
842 2032 969 2105 coepisti
982 2031 1113 2091 omnium
1126 2032 1292 2090 maximum

320 2114 595 2189 etdignissimnm,
624 2114 707 2188 quod
729 2114 903 2174 consecrari
924 2116 1029 2174 malles
1052 2131 1142 2189 quam
1159 2114 1291 2173 conteri:

319 2199 415 2273 pedes
438 2197 569 2257 abstulit.
597 2196 796 2269 frugalitatem
816 2197 941 2256 laudare
963 2198 1106 2271 coepisti,
1135 2214 1196 2271 qua
1214 2198 1292 2256 sica

319 2282 404 2340 nouis
428 2282 576 2351 [moribus]
591 2278 722 2350 resiluit,
747 2289 780 2340 ut
793 2282 861 2339 illos
875 2296 933 2339 nec
948 2280 1060 2339 babere
1074 2295 1131 2339 nec
1146 2280 1290 2338 damnare

280 2374 307 2426 ll
320 2364 470 2422 videatur:
499 2363 596 2435 prima
617 2361 717 2420 statim
739 2364 833 2422 verba
852 2364 1009 2437 praecidit.
1041 2362 1168 2437 coepisti
1189 2361 1290 2421 mirari

319 2443 489 2506 comitatem
511 2452 541 2504 et
561 2443 784 2519 incompositam
807 2447 1001 2518 suavitatem,
1025 2462 1103 2521 qnae
1124 2447 1194 2505 illos
1216 2461 1289 2519 quo-

320 2544 394 2604 que,
422 2543 501 2602 quos
522 2528 642 2601 transit,
671 2527 809 2601 abducit,
836 2530 996 2603 gratuitum
1018 2530 1106 2589 etiam
1128 2528 1156 2587 in
1180 2528 1289 2588 obvios

318 2611 465 2671 meritum.
488 2626 576 2670 nemo
598 2612 677 2670 enim
697 2611 865 2672 mortalium
882 2611 933 2671 uni
947 2620 1007 2672 tam
1023 2611 1120 2671 dulcis
1136 2619 1185 2670 est
1200 2628 1290 2685 quam

318 2695 367 2754 hic
384 2694 538 2766 omnibus,
556 2710 623 2752 curn
638 2693 757 2753 interim
771 2701 853 2755 tanta
867 2696 1011 2755 naturalis
1027 2695 1098 2754 boni
1112 2695 1158 2753 vis
1175 2702 1231 2767 est,
1248 2691 1290 2753 nti

289 2831 290 2834 ,
320 2784 411 2837 artem
433 2777 716 2851 simulationemque
731 2793 791 2837 non
807 2778 952 2837 redoleat.
980 2794 1068 2838 nemo
1084 2794 1142 2837 non
1158 2775 1289 2851 inputari

319 2859 377 2919 sibi
397 2859 562 2918 bonitatem
583 2858 734 2933 publicam
757 2861 882 2935 patitur:
904 2860 963 2919 hoc
980 2876 1103 2936 quoqne
1121 2862 1189 2919 loco
1205 2860 1288 2918 blan-

319 2942 399 3001 ditiis
420 2940 480 3000 tuis
496 2942 616 3014 restitit,
637 2950 669 3001 ut
683 2944 871 3003 exclamares
887 2942 1042 3003 invenisse
1056 2951 1086 3004 te
1100 2943 1289 3016 inexpugna-

317 3024 408 3082 bilem
424 3024 521 3083 virum
537 3023 685 3083 adversus
701 3024 845 3097 insidias,
869 3042 946 3100 quas
962 3042 1050 3086 nemo
1067 3042 1128 3085 non
1143 3025 1172 3083 in
1188 3025 1288 3084 sinum

278 3107 431 3181 ltrecipit.
473 3107 517 3167 Eo
540 3107 663 3181 quidem
687 3109 784 3182 magis
809 3110 888 3168 hanc
909 3108 975 3169 eius
997 3108 1187 3183 prudentiam
1209 3108 1289 3167 etin

313 3190 460 3261 evitando
481 3189 645 3249 inevitabili
669 3192 748 3249 malo
770 3192 966 3266 pertinaciam
989 3200 1016 3251 te
1037 3192 1196 3266 suspicere
1217 3206 1288 3250 con-

317 3274 420 3333 lessus
442 3289 492 3344 es,
515 3274 586 3348 qnia
606 3290 788 3348 speraveras
803 3290 899 3349 posse
913 3276 1028 3348 apertis
1043 3275 1166 3335 auribus
1183 3274 1289 3348 recipi,

318 3356 456 3431 quamvis
477 3356 589 3416 blanda
610 3357 744 3430 diceres,
768 3359 839 3431 quia
854 3373 927 3416 vera
941 3358 1082 3417 dicebas:
1105 3358 1160 3416 sed
1176 3372 1213 3415 eo
1227 3373 1289 3415 ma-

316 3440 363 3512 gis
384 3439 530 3498 intellexit
548 3438 742 3498 obstandum.
770 3456 893 3514 semper
913 3440 992 3517 enim
1014 3441 1098 3499 falsis
1114 3457 1131 3499 a
1147 3455 1220 3498 vero
1238 3455 1289 3514 pe·

315 3522 386 3581 titur
400 3523 523 3581 veritas.
556 3521 633 3581 Nolo
649 3530 749 3581 tamen
764 3523 816 3583 tibi
832 3523 1011 3598 displiceas,
1028 3524 1115 3597 quasi
1129 3524 1207 3582 male
1220 3538 1289 3597 ege-

316 3603 358 3662 ris
381 3605 502 3665 mimum
525 3610 554 3664 et
576 3604 664 3677 quasi
685 3606 734 3664 ille
755 3605 868 3679 aliquid
890 3607 1027 3665 iocorum
1042 3614 1094 3666 aul
1111 3606 1173 3666 doli
1188 3606 1289 3679 suspi-

277 3688 401 3747 lanatus
427 3689 484 3749 sit:
517 3702 577 3747 non
604 3687 807 3765 deprehendit
830 3697 880 3765 te,
914 3690 970 3749 sed
994 3690 1114 3765 repulit
1155 3690 1205 3750 Ad
1230 3689 1290 3749 hoc
