2942 4384
414 360 465 421 on
486 356 697 438 annutans
719 356 793 418 nin.
805 359 828 417 1.
848 364 946 420 4-6.
1153 355 1173 421 t

147 562 154 584 ,
209 512 295 571 currit
308 517 339 571 et
355 510 440 584 quod
456 510 582 569 traditur
598 508 835 583 possideturque
850 508 948 567 solum
964 513 1084 580 notant,
1104 525 1172 570 cuni

147 629 153 647 ι
209 602 308 654 contra
322 594 411 665 illud,
429 594 512 667 qnod
524 593 553 650 in
565 609 599 651 re
615 608 718 651 carnin
732 599 825 666 atque
837 591 1002 664 pretiosurn
1016 601 1070 663 est,
1084 599 1175 667 parari

149 722 151 726 -
205 680 344 751 pendunt.
372 677 456 735 Haec
472 692 551 750 quae
563 684 717 749 tenetnus,
739 691 817 749 quac
835 672 1040 748 adspicimus,
1061 677 1089 734 in
1106 678 1170 751 qui·
1186 678 1203 731 3

147 803 151 811 .
208 760 259 821 bus
275 760 429 833 cupiditas
444 767 549 819 nostra
563 760 683 832 haeret,
709 760 826 817 caduca
841 765 921 817 sunt.
948 759 1068 817 auterre
1083 760 1172 820 nobis

147 875 148 907 l
207 850 293 903 caet
318 843 439 902 fortuna
463 850 493 901 et
517 842 626 902 iniuria
647 849 762 916 potest:
786 842 967 899 beneficium
991 858 1062 902 vero
1083 843 1172 902 etiam

207 926 316 985 amisso
332 941 380 997 eo,
398 942 452 999 per
469 926 551 1000 qnod
564 926 667 985 datum
683 932 738 996 cst,
754 926 851 984 durat.
874 932 921 983 est
935 924 1014 984 cnirn
1031 934 1114 984 recte
1130 929 1172 985 la-

206 1017 292 1082 ctum,
306 1010 389 1081 quod
405 1008 522 1067 inritum
538 1009 621 1067 nulla
635 1010 682 1067 vis
698 1008 800 1066 elficit.
825 1008 963 1066 Anticum
979 1010 1114 1083 apiralis
1128 1007 1206 1067 ret

206 1093 290 1151 darni.
320 1092 401 1150 hunc
415 1092 493 1151 alius
508 1092 605 1151 hostis
621 1092 742 1165 excepit
758 1097 787 1150 et
801 1089 831 1149 in
851 1106 1004 1149 carcerem
1023 1094 1172 1152 condidit:
1232 1133 1237 1147 i

205 1192 261 1234 non
274 1174 472 1247 beneficium,
489 1174 544 1233 sed
557 1190 647 1233 usum
657 1173 799 1232 beneficii
810 1175 868 1232 rnei
882 1174 1011 1233 sustulit.
1041 1176 1087 1233 Ex
1101 1193 1172 1242 oau-

205 1258 299 1331 lragio
314 1258 402 1316 alicui
419 1266 524 1332 raptos
540 1259 588 1316 vel
609 1273 647 1315 ex
669 1257 810 1315 incendio
827 1257 939 1316 liberos
954 1259 1084 1317 reddidi.
1114 1259 1172 1319 hos

204 1344 249 1399 vel
264 1341 390 1400 morbus
405 1343 454 1399 vel
465 1342 567 1414 aliqua
579 1340 699 1399 fortuita
710 1339 819 1399 iniuria
830 1339 955 1413 eripuit:
970 1348 1072 1399 manet
1083 1340 1172 1401 etiarn

204 1424 269 1483 sine
284 1424 344 1482 illis
360 1424 444 1496 quod
458 1425 487 1482 in
504 1424 562 1483 illis
578 1424 679 1483 datum
695 1430 752 1481 est.
782 1422 889 1481 Omnia
906 1422 1009 1496 itaque
1025 1441 1103 1496 quno
1119 1426 1172 1483 sal·
1188 1435 1204 1483 5

204 1524 269 1567 suin
287 1506 428 1566 beneficii
443 1522 552 1566 nornen
564 1514 729 1581 usurpant,
745 1506 912 1565 ministeria
924 1515 1007 1577 sunt,
1026 1523 1080 1581 per
1093 1524 1173 1581 quac

204 1606 237 1650 se
250 1592 393 1649 voluntas
416 1590 513 1648 amica
533 1592 674 1664 explicat.
703 1590 770 1649 Hoc
791 1589 820 1647 in
843 1591 909 1649 aliis
933 1607 1057 1664 quoque
1079 1591 1172 1650 rebus

203 1675 317 1743 evenit,
333 1680 366 1731 ut
379 1672 471 1732 aliubi
487 1673 525 1731 sit
543 1674 664 1747 specics
680 1673 738 1746 rei,
760 1673 851 1731 aliubi
866 1674 935 1746 ipsa
949 1689 1009 1732 res.
1039 1675 1170 1748 linpera-
1187 1684 1204 1737 6

203 1764 249 1815 tor
263 1755 396 1829 aliquem
409 1756 585 1830 torquibus,
607 1758 714 1816 murali
736 1763 767 1815 et
781 1756 877 1814 civica
893 1757 1001 1816 donat:
1023 1759 1096 1831 quid
1119 1759 1172 1816 ha-

201 1839 253 1897 bet
268 1854 371 1912 perse
392 1854 505 1898 corona
521 1840 710 1913 pretiosumr
739 1840 812 1913 quid
827 1846 1006 1913 praetexta?
1035 1842 1108 1914 qnid
1129 1843 1142 1899 l
1160 1874 1171 1883 -

202 1927 296 1980 sees?
312 1922 383 1995 quid
396 1922 525 1981 tribunal
540 1930 570 1981 et
584 1929 712 1981 currus?
726 1922 797 1980 nihil
811 1922 918 1980 horuin
929 1922 1029 1982 honor
1044 1931 1099 1993 cst,
1116 1926 1172 1983 sed

200 2004 329 2064 honoris
344 2005 475 2079 insigne:
499 2006 543 2065 sie
558 2022 620 2064 non
637 2012 684 2065 cst
695 2005 876 2064 beneficium
888 2006 920 2062 id
933 2007 1015 2079 quod
1028 2007 1086 2065 sub
1099 2022 1170 2067 ocu-

200 2088 250 2147 los
267 2088 363 2160 venit,
386 2089 444 2152 sed
457 2088 596 2147 beneficii
612 2089 774 2162 vestigium
793 2095 823 2146 et
837 2095 916 2149 nota.

266 2171 319 2229 Vl.
350 2170 448 2243 Quid
474 2178 535 2231 est
559 2188 649 2245 ergo
680 2170 939 2231 beneliciurnt
982 2172 1202 2231 benevola-1

201 2255 308 2313 aetio
333 2255 511 2313 tribuens
532 2256 711 2329 gaudium
739 2255 982 2328 capiensque
1003 2255 1170 2315 tribuen-

200 2337 265 2408 do,
295 2336 331 2394 in
357 2337 394 2395 id
420 2336 636 2411 quod'laeit
660 2354 782 2412 prona
802 2345 838 2397 et
859 2348 998 2411 sponte
1021 2355 1089 2397 sua
1113 2356 1170 2413 pa-

199 2426 298 2478 rata.
342 2421 447 2493 ltaque
468 2437 529 2481 non
551 2422 623 2495 quid
644 2422 696 2481 fiat
717 2428 769 2481 aut
785 2422 858 2495 quid
880 2423 1088 2492 deturrele1t,
1115 2423 1171 2481 sed

202 2518 265 2576 qua
281 2511 393 2577 mente,
415 2504 487 2577 quia
500 2497 680 2564 beneficium
697 2521 756 2565 non
773 2506 802 2562 in
819 2522 855 2563 eo
872 2507 956 2577 quod
971 2505 1004 2564 fit
1018 2512 1070 2563 aut
1084 2505 1172 2564 datur

201 2586 358 2655 consistit,
387 2588 443 2645 scd
465 2588 494 2645 in
515 2588 585 2661 ipso
601 2588 701 2646 dantis
726 2593 778 2646 aut
796 2587 935 2645 facientis
958 2588 1068 2645 aninlo.
1109 2588 1203 2649 Mat-2

201 2684 295 2742 gnurn
313 2675 410 2727 autern
427 2686 497 2728 esse
512 2670 588 2728 inter
602 2669 662 2729 ista
676 2670 837 2728 discrimen
854 2670 902 2727 vel
918 2683 957 2726 ex
978 2669 1037 2727 hoe
1058 2669 1170 2726 intelle-

201 2766 260 2825 gas
274 2752 361 2823 licet,
383 2754 466 2825 quod
482 2753 660 2812 beneficium
681 2752 919 2827 utiquebonuni
934 2758 995 2824 est,
1020 2752 1050 2810 id
1071 2762 1171 2811 autern

203 2836 287 2907 quod
304 2834 338 2893 lit
351 2842 402 2893 aut
417 2835 519 2909 datur,
540 2852 597 2895 nec
618 2835 729 2895 bonurn
750 2852 806 2895 neo
822 2838 932 2895 rnalurn
949 2843 1004 2895 est.
1043 2835 1171 2895 Animus

202 2926 250 2976 est
267 2918 318 2989 qui
334 2934 427 2992 parva
439 2920 568 2991 extollit,
587 2919 712 2978 sordida
724 2920 876 2992 inlustrat,
892 2936 1002 2993 niagno
1017 2928 1046 2978 et
1060 2920 1088 2977 in
1103 2936 1171 2993 prc-

201 3000 243 3060 tio
258 2999 362 3059 habita
376 3000 570 3062 dehonestat:
586 3003 655 3075 ipsa
670 3018 750 3076 quae
761 3003 952 3077 adpetuntur,
967 3010 1102 3061 neutrarn
1119 3019 1171 3089 na3

201 3090 300 3142 turam
315 3082 443 3156 habent,
464 3100 521 3144 nco
537 3084 607 3144 boni
623 3101 679 3143 nec
695 3087 773 3144 mali.
799 3087 906 3157 relert,
930 3103 990 3159 quo
1007 3087 1057 3143 illa
1071 3093 1172 3164 rector

201 3166 341 3240 inpellat,
364 3182 383 3224 a
406 3185 466 3240 quo
487 3168 585 3228 lorrna
605 3169 697 3227 rebus
714 3170 811 3228 datur.
839 3169 905 3227 Non
920 3174 968 3225 est
989 3167 1202 3231 beneficiunia

201 3247 320 3322 ipsunt,
342 3251 425 3321 quod
440 3260 615 3311 numeratur
629 3258 680 3310 aut
693 3253 834 3309 traditur:
850 3250 982 3309 sicutne
997 3249 1026 3307 in
1042 3249 1170 3309 victimis

203 3331 334 3405 quidem,
347 3332 543 3407 licetopirnae
552 3335 756 3407 sintauroque
765 3333 981 3407 praefulgeant,
990 3334 1172 3393 deoruincst

202 3413 310 3484 honor,
323 3416 378 3474 sed
389 3418 438 3487 pia
450 3433 487 3475 ao
498 3423 581 3475 recta
594 3420 746 3476 voluntale
754 3418 970 3476 venerantium.
988 3417 1088 3490 itaque
1100 3416 1170 3474 boni

202 3498 291 3556 etiarn
299 3497 379 3556 farre
387 3515 423 3556 ac
431 3500 515 3558 fitilla
526 3500 658 3573 religiosi
671 3506 750 3571 sunt,
762 3501 1012 3560 malirorsusnon
1022 3499 1171 3573 effugiunt

203 3578 391 3656 inpietatem,
413 3582 552 3658 quamvis
575 3599 644 3643 aras
661 3584 810 3659 sanguine
829 3585 922 3645 inulto
938 3584 1169 3643 cruentaverint.
