2942 4384
267 447 329 513 154
379 449 412 509 L.
428 450 516 511 ANN.
533 448 615 508 snb.
631 447 682 506 DE
703 445 837 507 BENEF.
858 443 1003 503 LlB.Vll.
1024 451 1069 505 31.
1082 450 1130 505 32

265 609 332 663 tuas
348 600 451 661 flecte:
473 616 533 659 non
549 606 596 659 est
607 598 677 658 mihi
689 598 783 657 relata
793 596 902 670 gratia,
919 597 991 671 quid
1006 596 1137 658 faciam?
1155 600 1239 673 quod

152 747 154 749 ,
266 687 312 757 di,
339 684 471 744 oninium
493 699 593 742 rernm
615 682 720 755 optimi
743 688 899 752 auctoreS,
922 681 973 755 qui
989 680 1139 740 beneficia
1155 682 1240 755 igno·

237 770 343 845 aranti
355 768 427 827 dare
443 765 604 840 incipiunt,
619 764 744 838 ingratis
762 770 969 837 perseverant.
1004 763 1092 823 Alius
1104 764 1165 824 illis
1177 765 1239 824 obi·

267 853 307 912 cit
318 850 537 924 neglegentiam
550 848 660 918 nostri,
677 848 754 906 alius
767 845 963 919 iniquitatem.
984 847 1061 906 alius
1073 848 1143 907 illos
1156 856 1241 907 extra

266 936 411 995 mundum
433 948 522 992 suum
546 932 653 1005 proicit
674 937 704 989 et
723 931 851 1004 ignavos
869 930 1058 1003 hebetesque
1075 931 1145 1001 sine
1163 934 1240 1002 luce,

267 1019 333 1077 sine
349 1017 408 1076 ullo
424 1031 518 1089 opere
533 1014 677 1075 destituit.
701 1014 778 1073 alius
790 1016 902 1085 solem,
918 1013 966 1073 cui
982 1014 1140 1087 debemus,
1157 1016 1241 1089 quod

266 1102 344 1160 inter
365 1099 500 1158 laborem
523 1100 716 1172 quietemque
736 1105 856 1171 tempus
875 1096 1049 1170 divisimuS,
1072 1098 1158 1171 quod
1181 1115 1240 1157 non

265 1181 400 1244 tenebris
425 1180 516 1240 mersi
543 1181 753 1240 contusionem
778 1189 919 1240 aeternae
941 1180 1040 1239 noctis
1065 1180 1240 1255 effugimus,

268 1266 351 1341 quod
367 1282 477 1324 annum
494 1280 586 1323 cursu
598 1281 654 1324 suo
667 1269 814 1337 temperat
825 1270 855 1323 et
865 1278 996 1337 corpora
1006 1262 1072 1334 alit,
1088 1272 1156 1324 sata
1169 1280 1239 1325 evo-

267 1357 330 1423 cat,
360 1349 519 1422 percoquit
540 1349 670 1420 lructuS,
700 1363 808 1405 saxum
829 1344 954 1419 aliquod
975 1354 1027 1406 aut
1049 1346 1240 1407 fortuitorum

266 1433 380 1507 ignium
401 1432 524 1505 globum
548 1439 577 1492 et
599 1430 721 1504 quidvis
750 1429 850 1503 polius
872 1445 962 1504 qnam
984 1430 1074 1488 deum
1096 1431 1240 1504 adpellat.

238 1507 460 1583 4nihilominu's
475 1522 573 1574 tamen
589 1530 673 1572 more
689 1512 870 1587 optimorum
886 1520 1060 1587 parentum,
1079 1512 1132 1587 qui
1147 1516 1238 1573 male·

267 1598 355 1659 dictis
378 1613 504 1656 suorum
523 1595 679 1656 infantium
701 1597 855 1665 adrident,
878 1612 939 1655 non
962 1603 1085 1656 cessant
1102 1597 1132 1655 di
1147 1597 1239 1656 bene-

267 1682 336 1740 ficia
351 1694 517 1753 congerere
533 1680 572 1737 de
583 1679 801 1752 beneficiorum
813 1686 938 1739 auctore
949 1678 1167 1753 dubitantibus,
1183 1681 1240 1739 sed

267 1763 386 1837 aequali
409 1770 517 1821 tenore
537 1761 617 1820 bona
638 1778 694 1821 sua
716 1770 896 1836 pergentes
920 1764 1115 1838 populosque
1138 1762 1239 1823 distri-

266 1845 465 1905 buuntunam
476 1845 640 1919 potentium
652 1846 763 1917 sortiti,
781 1846 945 1920 prodesse:
965 1852 1114 1920 spargunt
1124 1861 1239 1920 oppor-

267 1930 347 1989 tunis
363 1927 509 1987 imbribus
521 1935 633 2000 terras,
649 1928 744 1987 maria
759 1927 835 1988 flatu
847 1936 985 1999 movent,
1000 1927 1133 1988 siderum
1146 1945 1240 1989 cursu

267 2020 373 2072 notant
404 2018 555 2085 tempora,
583 2011 698 2071 hiemes
725 2019 920 2085 aestatesque
951 2012 1167 2072 interveniente
1197 2013 1238 2070 le·-

267 2096 353 2155 niore
368 2096 476 2169 spiritu
492 2095 636 2155 molliunt.
659 2111 793 2155 errorem
809 2094 971 2154 labentium
987 2095 1156 2156 animorum
1176 2096 1238 2169 pla-

234 2202 250 2253 5
268 2179 326 2238 cidi
348 2195 384 2239 ac
406 2178 527 2252 propitii
550 2179 657 2239 ierunt.
696 2178 849 2238 Imitemur
869 2178 953 2237 illos=
975 2178 1099 2250 demus,
1121 2177 1238 2238 etiamsi

268 2263 360 2321 multa
374 2261 403 2319 in
418 2260 537 2320 inritum
554 2262 624 2319 data
638 2269 716 2321 sunt.
747 2258 854 2321 demus
870 2260 1063 2321 nihilominus
1077 2262 1160 2334 aliis,
1187 2262 1238 2320 dc·

267 2361 335 2403 nius
356 2343 446 2417 ipsis,
473 2343 554 2416 apud
576 2361 654 2418 quos
675 2345 791 2404 iactura
816 2346 895 2404 lacta
919 2352 974 2403 est.
1016 2343 1173 2405 Neminem
1200 2344 1239 2403 ad

268 2426 445 2486 excitandas
466 2426 576 2485 domos
600 2428 687 2487 ruina
707 2427 863 2496 deterruit,
887 2434 916 2487 et
936 2444 1003 2487 cum
1019 2435 1145 2502 penates
1160 2428 1238 2502 ignis

267 2507 454 2583 absumpsit,
481 2509 673 2570 fundamenta
694 2518 816 2588 tepente
833 2510 933 2569 adhuc
955 2526 1032 2570 area·
1047 2510 1190 2585 ponimus
1211 2518 1240 2568 et

267 2593 360 2652 urbes
375 2594 499 2652 haustas
516 2592 640 2667 saepius
654 2594 753 2652 eidem
768 2595 835 2653 solo
852 2592 1020 2653 credimus:
1043 2594 1120 2653 adeo
1133 2595 1172 2654 ad
1186 2595 1237 2653 bo-

267 2692 323 2735 nas
348 2679 422 2750 spes
448 2675 588 2752 pertinax
613 2676 731 2737 animus
752 2682 809 2735 est.
843 2682 923 2735 terra
944 2677 1082 2752 marique
1106 2677 1240 2735 hunuano

267 2774 362 2832 opera
384 2767 556 2832 cessarent,
577 2759 636 2820 nisi
660 2762 737 2819 male
758 2766 901 2833 temptata
920 2760 1025 2820 iterum
1041 2767 1191 2834 temptare
1207 2760 1238 2819 li-

265 2842 393 2900 buisset.

329 2922 445 2981 XXXll.
469 2922 606 2996 Ingratus
619 2931 681 2983 est:
703 2942 764 2985 non
774 2926 844 2985 mihi
858 2926 927 2986 lecit
937 2925 1084 2998 iniurium,
1101 2926 1159 2985 sed
1171 2924 1237 2985 sibi.

267 3020 324 3078 ego
339 3004 487 3063 beneficio
502 3021 569 3065 meo
585 3022 653 3066 cum
669 3007 772 3067 darem
788 3025 862 3068 usus
874 3025 951 3069 sum.
973 3025 1028 3068 nec
1040 3009 1109 3068 ideo
1122 3007 1238 3083 pigrius

267 3088 362 3161 dabo,
391 3088 444 3147 sed
468 3088 655 3162 diligentium
678 3092 760 3165 quod
777 3093 806 3150 in
824 3092 883 3150 hoc
898 3090 1032 3166 perdidi,
1054 3092 1093 3150 ab
1109 3090 1178 3151 aliis
1193 3108 1236 3151 re·

266 3171 386 3245 cipimn.
426 3170 489 3231 Sed
511 3171 581 3232 huic
601 3172 661 3249 ipsi
682 3174 863 3234 beneficium
885 3176 966 3234 dabo
987 3175 1093 3234 iterum
1115 3182 1145 3234 ct
1165 3182 1238 3234 tam·

267 3272 357 3329 quam
378 3255 478 3315 bonus
501 3257 636 3329 agricola
654 3274 726 3317 eura
742 3259 885 3331 cultuque
901 3258 1084 3316 sterilitatem
1100 3257 1159 3317 soli
1175 3259 1237 3317 vin·

265 3352 341 3396 cam.
369 3337 448 3396 Perit
458 3338 529 3397 mihi
542 3340 738 3411 beneficium,
755 3341 813 3400 iste
824 3340 975 3400 omnibus.
1002 3340 1067 3401 Non
1080 3339 1238 3414 estmagni

266 3421 356 3480 animi
375 3418 556 3479 beneficium
577 3423 650 3483 dare
673 3432 703 3484 el
724 3424 869 3499 perderet
890 3422 949 3482 hoc
965 3424 1126 3499 estmagni
1147 3423 1238 3485 animi

265 3505 396 3576 perdere
410 3509 439 3563 et
454 3502 537 3562 dare.

653 3698 858 3711 m
