2942 4384
320 428 384 493 314
623 430 656 487 L.
677 429 823 488 ANNAEI
844 428 1018 488 SENECAE
1058 467 1062 474 ,

320 579 406 641 cuius
427 585 543 652 cetera,
571 576 689 638 etiamsi
712 577 820 635 faeiem
845 575 904 636 illis
928 593 989 636 non
1013 577 1128 638 habent
1153 581 1283 641 similem.

290 664 395 737 douid
418 670 531 737 porro?
561 662 693 720 mundus
714 660 798 733 ipse,
822 660 849 718 si
871 660 1049 719 consideres
1067 662 1165 737 illum,
1189 682 1285 725 nonne

216 806 218 810 .
318 761 357 805 ex
373 746 502 805 diversis
518 743 698 819 conpositus
714 749 783 801 estf
812 742 961 816 quidest,
983 760 1078 817 quare
1093 745 1122 803 in
1139 747 1229 805 leone
1244 749 1285 809 sol

319 845 441 902 semper
460 829 566 887 ardeat
586 832 616 885 et
632 833 729 885 terras
745 825 880 884 aestibus
898 832 1025 898 torreat,
1048 826 1077 885 in
1094 831 1222 901 aquario
1238 831 1284 889 ad-

318 912 443 985 stringat
462 910 606 980 hiemem,
630 908 756 967 flumina
773 910 844 981 gelu
861 909 1002 967 claudat?
1027 915 1057 968 ct
1071 909 1131 969 hoo
1145 920 1247 971 tamen
1261 920 1286 972 et

318 994 390 1054 illud
410 994 497 1053 sidus
518 993 654 1052 eiusdem
677 990 867 1050 condicionis
889 997 950 1061 est,
975 1006 1043 1050 cnm
1064 992 1176 1052 effectu
1192 1002 1223 1053 ct
1239 1012 1286 1054 na-

317 1084 384 1135 tura
399 1075 545 1135 dissimile
560 1075 607 1135 sit.
640 1075 722 1133 Intra
734 1072 946 1132 brevissimum
962 1080 1083 1148 tempus
1098 1077 1180 1135 aries
1195 1079 1286 1138 extol·

317 1160 400 1232 litur,
423 1158 498 1216 libra
517 1158 690 1217 tardissime
708 1155 847 1230 emergit:
876 1162 907 1215 et
919 1156 978 1216 hoc
994 1165 1094 1215 tamen
1110 1159 1198 1218 sidus
1214 1168 1244 1219 et
1257 1162 1286 1219 il·

318 1243 369 1301 lud
385 1240 521 1300 eiusdem
540 1249 664 1300 naturae
678 1246 763 1310 sunt,
787 1254 855 1297 cum
870 1240 942 1297 illud
959 1240 1069 1313 exiguo
1084 1249 1223 1331 lempqre
1236 1244 1286 1302 'ad-

288 1337 306 1388 4
318 1325 458 1395 scendet,
474 1324 548 1384 illud
561 1323 612 1382 diu
626 1323 803 1398 proferatur.
835 1322 902 1381 Non
914 1321 1017 1394 vides,
1035 1340 1127 1394 quam
1139 1324 1293 1397 contraria¹

317 1409 394 1467 inter
417 1424 451 1466 se
471 1410 620 1467 clementa
641 1407 722 1465 sinti
755 1405 860 1479 gravia
880 1412 908 1464 et
929 1404 1008 1463 levia
1029 1415 1113 1478 sunt,
1137 1408 1248 1481 frigida
1261 1415 1288 1468 ct

318 1491 430 1563 calida,
452 1490 575 1550 humida
597 1497 626 1549 et
646 1490 739 1548 sicca.
771 1496 834 1548 tola
854 1488 931 1547 haee
945 1486 1049 1548 mnndi
1066 1493 1234 1552 concordia
1250 1507 1287 1549 ex

317 1572 511 1634 discordibus
534 1579 666 1633 constat:
695 1586 791 1645 negas
813 1579 950 1630 cometen
973 1573 1088 1632 stellam
1106 1588 1196 1647 csse,
1219 1575 1289 1649 quia

317 1659 414 1716 forma
433 1657 499 1716 eius
520 1672 579 1714 non
598 1654 787 1728 respondeat
806 1654 845 1712 ad
866 1656 1023 1728 exemplar
1042 1671 1099 1713 neo
1123 1657 1163 1715 sit
1180 1658 1288 1717 ceteris

317 1740 444 1799 similist
474 1741 548 1813 qnid
565 1739 665 1796 cnimf
696 1735 846 1795 simillima
867 1744 914 1796 est
938 1738 1003 1811 illa,
1030 1754 1110 1812 quae
1135 1741 1288 1800 tricesimo

317 1838 395 1882 anno
413 1822 572 1880 revertitur
585 1820 624 1879 ad
640 1820 741 1879 locum
757 1834 859 1891 suum,
882 1819 969 1892 huie,
991 1837 1069 1893 quae
1084 1821 1162 1880 intra
1179 1840 1288 1883 annum

290 1905 421 1967 arevisit
439 1905 544 1963 sedem
562 1910 669 1980 suam?
703 1902 770 1961 Non
785 1902 825 1960 ad
839 1919 928 1962 unam
944 1912 1050 1963 natura
1065 1904 1193 1963 formam
1210 1923 1289 1979 opus

318 2004 405 2047 suum
429 1994 576 2061 praestat,
600 1986 655 2046 sed
670 1984 740 2059 ipsa
754 1985 899 2044 varietate
915 2000 950 2044 se
965 1989 1069 2045 iactam
1090 1988 1150 2046 alia
1164 1990 1288 2061 maiora,

317 2072 375 2130 alia
391 2071 545 2130 velociora
559 2070 625 2128 aliis
642 2070 726 2140 fecit,
746 2069 804 2127 alia
817 2068 978 2140 validiora,
994 2070 1051 2127 alia
1064 2072 1288 2143 temperatiora.

318 2154 467 2228 quaedam
489 2154 592 2213 eduxit
613 2169 631 2211 a
652 2152 755 2225 turba,
784 2157 817 2210 ut
838 2151 957 2225 singula
977 2159 1007 2210 et
1030 2152 1200 2227 conspicua
1219 2171 1287 2227 pro·

317 2238 479 2308 cederent,
510 2237 659 2309 quaedam
685 2234 715 2293 in
740 2250 863 2307 gregem
889 2235 978 2295 misit.
1017 2236 1139 2308 ignorat
1162 2244 1288 2296 naturae

317 2320 495 2394 potentiam,
519 2318 571 2392 qui
588 2319 703 2377 illinon
720 2324 804 2391 putat
818 2317 983 2390 aliquando
999 2318 1105 2390 licere,
1129 2318 1189 2378 nisi
1206 2320 1288 2393 quod

289 2401 441 2475 nsaepius
463 2401 542 2460 fecit.
585 2401 724 2460 cometas
745 2415 805 2458 non
827 2400 1002 2474 frequenter
1023 2400 1171 2474 ostendit,
1196 2403 1287 2462 adtri-

316 2486 381 2545 buit
400 2485 458 2544 illis
481 2485 570 2543 alium
590 2484 706 2556 locum,
734 2483 793 2542 alia
813 2490 964 2557 tempora,
993 2484 1158 2543 dissimiles
1180 2486 1288 2546 ceteris

316 2577 436 2629 motus:
465 2568 560 2627 voluit
585 2575 614 2627 et
639 2568 687 2626 his
712 2566 948 2640 magnitudinem
975 2568 1076 2640 operis
1103 2567 1151 2626 sui
1178 2571 1287 2640 colere,

318 2668 445 2726 quorum
468 2651 630 2711 formosior
651 2651 745 2709 facies
767 2657 827 2721 est,
858 2666 949 2723 quam
970 2659 1003 2709 ut
1023 2650 1173 2710 fortuitam
1189 2660 1287 2727 putes,

318 2736 383 2795 sive
402 2734 629 2810 amplitudinem
651 2749 755 2793 eorum
772 2734 951 2792 consideres
966 2732 1031 2791 sive
1047 2734 1214 2807 fulgorem,
1238 2735 1287 2809 qui

316 2819 412 2878 maior
432 2826 480 2877 est
499 2818 714 2890 ardentiorque
737 2831 828 2889 quam
849 2817 965 2876 ceteris.
998 2816 1092 2875 facies
1109 2832 1182 2877 vero
1198 2818 1289 2876 habet

316 2900 435 2974 insigne
451 2901 594 2975 quiddam
610 2907 640 2958 et
656 2900 826 2972 singulare,
852 2915 914 2958 non
929 2899 958 2957 in
975 2906 1135 2972 angustum
1152 2903 1289 2960 coniecta

317 2991 347 3042 et
361 2989 471 3054 artata,
493 2983 549 3041 sed
564 2983 691 3042 dimissa
704 2982 828 3041 liberius
844 2990 874 3042 et
887 2983 1047 3042 multarum
1059 2983 1216 3043 stellarum
1228 3000 1288 3043 am·

319 3069 409 3141 plexa
423 3066 587 3139 regionem.
1208 3130 1210 3134 ¹

287 3165 302 3214 1
377 3149 509 3208 XXVlll.
530 3149 769 3208 Aristoteles
792 3147 845 3207 ait
865 3155 1035 3208 cometas
1058 3147 1288 3223 significare

316 3239 582 3307 tempestatem
603 3240 638 3291 et
659 3239 858 3291 ventorum
876 3230 1216 3305 intemperantiam
1235 3240 1287 3291 at·

318 3332 390 3391 que
418 3316 603 3376 imbrium.
646 3315 721 3388 Quid
745 3322 841 3388 ergon
868 3332 928 3375 non
952 3315 1070 3374 iudicas
1098 3316 1186 3375 sidus
1209 3330 1288 3386 esse,

318 3399 403 3475 quod
429 3400 528 3458 futura
554 3398 728 3458 denuntiat?
764 3415 825 3458 non
852 3398 931 3456 enim
953 3397 998 3457 sic
1018 3398 1078 3460 hoe
1100 3398 1288 3473 tempestatis

317 3485 436 3558 signum
452 3488 512 3554 est,
532 3483 686 3555 quomodo
702 3481 820 3541 futurae
835 3480 957 3555 pluviae

401 3568 563 3626 scintillare
576 3568 669 3625 oleum
683 3570 712 3624 et
724 3571 826 3639 patres
841 3581 1031 3624 emarescere
1041 3564 1163 3638 soncos.

318 3655 370 3709 aut
384 3649 538 3724 quomodo
554 3646 698 3707 indicium
713 3655 761 3707 est
778 3647 923 3709 saevituri
937 3646 1045 3723 maris,
1067 3648 1094 3707 si
1108 3647 1245 3709 marinae
