2942 4384
333 440 394 525 1ea'
617 462 651 521 u.
671 462 1011 523 nunxursunucnu

331 613 399 687 ipse
415 608 538 685 quidem
560 613 734 687 peripsum
752 611 876 684 transit,
899 628 961 686 quo
976 612 1138 687 scinditur,
1160 623 1191 675 ει
1206 617 1299 676 media
1335 689 1336 694 γ

330 712 391 755 non
408 695 621 755 circumfundit
635 703 748 754 tantum
764 702 793 754 ει
805 696 957 769 utrimque
969 696 1068 770 cingit,
1084 697 1143 756 sed
1157 708 1298 771 permeat.
1335 709 1336 720 ¹

300 795 315 845 1
393 778 429 836 X.
451 779 499 837 Ab
523 778 644 837 aethere
660 779 847 837 lucidissimo
862 795 915 837 aer
929 778 958 836 in
974 786 1083 837 terram
1098 797 1202 854 usque
1218 782 1298 841 diliu-

331 877 385 920 sus
407 868 467 932 εει,
492 859 599 933 agilior
625 861 747 934 quidem
768 861 951 938 tenuiorque
975 869 1005 919 ει
1025 863 1113 921 altior
1133 865 1226 923 terris
1247 880 1298 924 nec

295 961 298 966 ·
330 944 429 1001 nrinus
445 944 548 1016 aqum,
564 950 699 1002 ceterum
715 943 837 1002 aethere
851 943 981 1018 spissior
996 946 1199 1019 graviorque,
1224 948 1298 1020 trigi-

331 1026 388 1084 dus
404 1041 460 1098 per
480 1040 514 1084 se
532 1032 560 1083 ει
575 1025 735 1085 obscurus.
764 1028 863 1084 lumen
876 1028 917 1085 illi
932 1028 1077 1100 calorque
1088 1029 1214 1087 aliunde
1226 1037 1298 1103 sunt,

331 1108 387 1166 sed
413 1124 473 1166 non
498 1123 554 1181 per
579 1124 668 1167 omne
690 1109 821 1181 spatium
842 1111 890 1168 sui
913 1109 1018 1168 similis
1040 1113 1102 1168 est:
1130 1119 1299 1171 mutatura

298 1212 315 1263 2
330 1190 487 1264 proximis.
517 1189 639 1249 Summa
661 1207 733 1265 pars
748 1189 813 1249 eius
829 1191 997 1250 siccissima
1010 1191 1260 1269 calidissimaque
1272 1202 1299 1254 ει

330 1271 369 1331 ob
384 1272 442 1331 hoc
457 1272 545 1332 etiarn
560 1274 738 1332 tenuissima
753 1280 799 1331 est
816 1282 939 1347 propter
954 1274 1092 1333 viciniam
1108 1282 1298 1337 aeternorum

329 1354 441 1428 ignium
469 1363 499 1414 ct
524 1356 592 1413 illos
618 1362 662 1415 tot
686 1365 786 1417 motus
816 1356 949 1414 siderum
969 1356 1197 1431 adsiduumque
1224 1359 1297 1420 coeli

330 1439 553 1497 circumactum.
582 1437 633 1495 illa
648 1454 718 1512 pars
734 1440 794 1496 ima
809 1445 839 1497 et
852 1439 953 1496 vicina
968 1437 1055 1497 terris
1073 1440 1172 1499 densa
1187 1434 1297 1515 et'c'ali-

329 1520 438 1592 ginosa
456 1528 516 1591 est,
543 1520 615 1592 quia
637 1528 773 1580 terrenas
795 1520 1005 1580 exhalationes
1020 1529 1167 1595 receptat
1200 1523 1297 1583 media

329 1601 624 1676 parstcmperalior,
648 1603 673 1661 si
689 1603 814 1661 summis
829 1603 959 1676 imisque
973 1604 1130 1676 conferas,
1153 1614 1296 1679 quantum

329 1684 368 1742 ad
389 1686 553 1742 siccitatem
574 1684 809 1758 tenuitatemque
831 1686 991 1759 pertineat,
1018 1694 1151 1744 celerum
1173 1695 1296 1763 utraque

299 1773 414 1845 3parte
436 1766 580 1839 frigidior.
611 1783 681 1825 narn
703 1769 861 1841 superiora
882 1771 948 1828 cius
970 1769 1102 1828 calorem
1127 1769 1294 1832 vicinorum

328 1848 461 1907 siderum
477 1848 617 1907 sentiunt.
639 1850 783 1909 inferiora
798 1867 921 1924 quoque
931 1858 1047 1924 tepent,
1062 1852 1194 1924 primum
1206 1862 1295 1913 terra·

327 1947 391 1989 rum
408 1930 515 2001 halitu,
533 1932 584 2005 qui
600 1934 722 1992 multum
741 1948 845 1992 secum
860 1934 949 1992 calidi
964 1934 1076 2006 adfert,
1099 1935 1213 1994 deinde
1228 1937 1296 2010 quia

326 2014 403 2073 radii
424 2014 497 2075 solis
519 2016 702 2088 replicantur
722 2022 752 2073 ει
772 2032 934 2089 quousque
951 2015 1050 2074 redire
1067 2024 1246 2091 potuerunt,
1266 2018 1295 2076 id

327 2096 480 2170 duplicato
496 2098 598 2157 calore
613 2098 772 2171 benignius
788 2100 901 2157 lovent.
932 2099 1042 2157 deinde
1059 2100 1147 2158 etiarn
1163 2101 1215 2160 illo
1234 2100 1292 2173 spi-

326 2179 397 2249 ritu,
416 2181 466 2253 qui
482 2180 621 2239 omnibus
638 2181 817 2240 animalibus
832 2180 1026 2255 arbustisque
1039 2198 1075 2241 ac
1088 2183 1163 2242 satis
1179 2184 1294 2242 calidus

294 2270 381 2343 4est.
415 2262 485 2320 nihil
513 2263 592 2320 enim
616 2264 732 2321 viveret
756 2264 822 2321 sine
843 2266 954 2322 calore.
973 2265 1074 2323 adice
1094 2281 1176 2325 nunc
1198 2264 1294 2339 ignes

326 2359 386 2401 non
412 2349 526 2402 tantum
551 2360 639 2402 manu
660 2347 764 2412 factos
780 2353 810 2405 et
831 2353 946 2418 certoS‚
973 2347 1028 2405 sed
1049 2354 1177 2420 opertos
1197 2345 1293 2419 terris

327 2442 455 2499 quorum
478 2428 570 2499 aliqui
591 2436 772 2500 eruperunt,
793 2428 1028 2487 innumerabiles
1054 2445 1095 2487 ex
1115 2430 1250 2489 obscuro
1264 2436 1292 2488 et

327 2508 449 2567 condito
468 2507 597 2582 flagrant
612 2525 742 2583 semper.
771 2511 829 2569 hae
844 2518 888 2570 tot
903 2518 1004 2584 partes
1019 2512 1100 2582 ειεε,
1117 2513 1233 2573 lertiles
1247 2527 1292 2570 re-

325 2607 405 2665 rnm,
422 2591 535 2651 habent
548 2593 660 2665 aliquid
677 2594 807 2667 teporis,
831 2594 974 2667 quoniam
989 2594 1112 2667 quidem
1126 2595 1229 2655 sterile
1244 2594 1292 2652 lri-

324 2689 382 2748 gus
398 2683 460 2747 est,
482 2677 564 2734 calor
580 2674 683 2749 gignit.
710 2676 812 2734 Media
834 2692 906 2749 ergo
922 2692 994 2749 pars
1011 2678 1091 2736 aeris
1106 2677 1144 2735 ab
1158 2676 1207 2735 his
1223 2677 1292 2736 sub·

324 2765 406 2817 mota
421 2758 449 2816 in
467 2759 579 2831 frigore
594 2774 651 2817 suo
667 2766 776 2816 manet.
799 2766 905 2817 natura
918 2758 997 2817 enim
1012 2761 1092 2818 aeris
1106 2760 1208 2831 gelida
1222 2766 1279 2817 est.

295 2857 309 2907 1
386 2838 435 2895 xl.
463 2840 607 2911 Quicum
629 2840 673 2899 sie
694 2841 812 2899 divisus
833 2843 886 2911 sit,
908 2846 968 2900 ima
989 2842 1037 2899 sui
1058 2848 1144 2915 parte
1165 2840 1293 2900 maxime

325 2920 428 2978 varius
452 2929 481 2979 ει
502 2922 679 2980 inconstans
697 2929 727 2981 ει
741 2924 892 2983 mutabilis
907 2930 963 2982 εει.
993 2924 1073 2983 circa
1086 2931 1185 2983 terras
1201 2924 1288 2996 pluri·

324 3018 404 3060 mum
430 3004 535 3075 audet,
563 3002 722 3076 plurimum
747 3006 872 3080 patitur,
898 3006 1030 3078 exagitat
1056 3013 1085 3065 et
1109 3006 1291 3078 exagitatur:

324 3100 381 3143 neo
401 3092 498 3144 tamen
519 3087 628 3146 eodem
647 3088 738 3146 modo
760 3095 841 3148 totus
862 3089 1014 3161 adficitur,
1036 3089 1091 3147 sed
1112 3088 1198 3147 aliter
1212 3088 1290 3156 alibi,

292 3177 354 3236 oet
375 3169 509 3242 partibus
533 3167 686 3241 inquietus
707 3186 744 3229 ac
762 3172 901 3230 turbidus
916 3178 972 3229 est.
1006 3171 1121 3230 Causas
1136 3178 1238 3230 autem
1251 3168 1292 3227 illi

323 3252 495 3312 mutationis
512 3258 541 3310 et
555 3253 775 3312 inconstantiae
788 3255 863 3312 alias
877 3260 958 3312 terra
973 3253 1112 3327 praebet,
1133 3254 1222 3312 euius
1237 3269 1290 3326 po-

244 3359 248 3364 ·
275 3360 280 3373 ·
323 3334 449 3393 sitiones
470 3342 521 3393 aut
542 3335 600 3394 huc
624 3342 675 3394 aut
694 3336 744 3395 illo
765 3352 872 3394 versae
893 3351 1003 3409 magna
1023 3336 1063 3394 ad
1084 3335 1163 3395 aeris
1178 3343 1291 3409 tempe

323 3416 398 3474 riem
422 3424 574 3475 momenta
600 3425 685 3488 sunt,
713 3418 789 3477 alias
813 3418 946 3477 siderum
968 3433 1093 3488 cursuS,
1118 3417 1291 3491 exquibus

323 3499 381 3557 soli
403 3500 563 3572 plurimum
583 3498 721 3572 inputes=
747 3500 829 3560 illurn
851 3500 988 3573 sequitur
1008 3516 1122 3573 annuS,
1148 3500 1187 3559 ad
1212 3499 1292 3558 illius

323 3580 435 3640 flexum
455 3583 571 3640 hiemes
593 3590 789 3657 aestatesque
807 3590 972 3641 vertuntur.
1004 3585 1094 3642 lunae
1118 3583 1293 3656 proximum

323 3659 370 3721 ius
385 3671 442 3725 εει.
471 3665 527 3725 sed
543 3671 572 3724 et
586 3671 705 3725 ceterae
722 3677 846 3741 quoque
860 3667 966 3726 stellae
982 3681 1043 3726 nou
1056 3666 1157 3750 minus
1171 3672 1294 3725 terrena
