2942 4384
264 485 305 550 aa
553 483 586 543 u.
605 482 752 543 annam
772 441 948 544 sennenn
1038 559 1049 576 ·

233 650 248 701 1
326 637 1256 712 IttPraeterhanccausamaliaequoquesunt,²

265 741 362 800 quae
390 724 502 783 nobis
530 722 665 781 merita
685 737 969 794 nonnumquam
990 722 1155 781 maxima
1176 739 1233 781 ve·
1259 751 1261 756 ·

265 811 353 867 iant.
390 807 511 882 prima
543 805 706 865 omnium
738 821 779 863 ac
808 805 1098 879 potentissima,
1135 805 1234 881 quod

264 886 1234 964 novissempereupiditatibusoccupatinonquid

264 975 489 1045 habeamuS,
520 972 589 1031 sed
612 971 701 1045 quid
730 978 906 1045 petamus
927 971 1174 1046 inspicimus
1206 970 1233 1029 in

266 1058 297 1116 id
320 1057 403 1130 quod
424 1056 576 1131 adpetitur
595 1054 716 1113 intentis
739 1054 882 1128 quicquid
905 1056 986 1113 domi
1007 1060 1068 1127 est,
1096 1055 1159 1114 vite
1180 1060 1233 1115 est.

234 1142 251 1191 2
266 1139 409 1213 Sequitur
424 1146 523 1198 autem
538 1145 585 1212 ut,
604 1137 655 1197 ubi
672 1139 754 1210 quod
770 1138 926 1211 acceperis
941 1140 1008 1196 leve
1023 1154 1174 1198 novorum
1186 1154 1234 1198 cu·

265 1224 376 1298 piditas
402 1222 489 1295 tecit,
521 1227 626 1281 auctor
647 1221 771 1295 quoque
796 1236 902 1280 eorum
924 1236 983 1279 non
1009 1222 1049 1280 sit
1073 1222 1102 1280 in
1130 1222 1233 1296 pretio.

265 1307 441 1365 Amavimus
453 1307 598 1379 aliquem
624 1310 653 1363 et
676 1305 872 1377 suspeximus
896 1312 926 1363 et
946 1304 1103 1364 fundatum
1126 1306 1165 1364 ab
1186 1305 1234 1363 iito

266 1396 374 1449 statum
385 1397 520 1449 nostrum
535 1388 667 1463 professi
681 1403 802 1459 sumus,
819 1388 962 1461 quamdiu
973 1386 1063 1447 nobis
1075 1387 1235 1461 placebant

266 1489 316 1545 ea,
338 1488 416 1547 quae
431 1474 587 1532 consecuti
602 1486 717 1531 sumus.
741 1470 851 1530 deinde
864 1472 1007 1546 inrumpit
1018 1471 1151 1529 animum
1164 1472 1235 1530 aiio·

264 1573 332 1614 rum
346 1555 504 1615 admiratio
521 1563 550 1615 et
565 1555 604 1613 ad
619 1570 655 1612 ea
670 1554 791 1627 inpetus
806 1556 904 1614 sactus
920 1562 982 1624 est,
1002 1554 1043 1613 uti
1057 1555 1234 1613 mortalibus

266 1656 333 1699 mos
355 1647 402 1697 est
422 1654 460 1697 ex
480 1638 597 1711 magnis
619 1638 735 1696 maiora
762 1638 918 1711 cupiendi:
948 1638 1087 1711 protinus
1114 1638 1234 1709 excidit,

267 1721 413 1796 quicquid
434 1729 503 1781 ante
524 1722 606 1795 apud
627 1736 684 1779 nos
705 1721 887 1780 beneficium
910 1720 1091 1792 vocabatur,
1120 1736 1180 1780 nec
1200 1735 1235 1780 ea

266 1803 429 1877 intuemur,
446 1820 525 1877 quac
540 1821 597 1865 nos
612 1803 678 1862 attis
695 1819 918 1878 praeposuere,
932 1805 989 1862 sed
1004 1820 1041 1863 ea
1055 1805 1139 1875 sola,
1157 1818 1235 1877 quae

234 1888 251 1939 3
267 1888 388 1947 fortuna
403 1888 647 1961 praecedentium
664 1894 804 1946 ostentat.
837 1888 904 1947 Non
920 1893 1137 1961 potestantem
1154 1885 1234 1962 quis·

268 1986 358 2045 quam
374 1978 403 2030 et
417 1971 553 2030 invidere
568 1979 598 2031 et
611 1970 723 2044 gratias
740 1985 846 2043 agere,
869 1971 940 2044 quia
954 1970 1091 2030 invidere
1107 1985 1234 2045 quereu-

266 2055 304 2114 tis
325 2060 356 2112 et
374 2055 483 2114 moesti
499 2060 560 2127 est,
583 2056 695 2129 gratias
717 2068 809 2126 agere
829 2053 1006 2127 gaudentis,
1032 2052 1143 2112 deinde
1165 2053 1235 2127 quia

265 2153 355 2196 nemo
376 2146 514 2197 nostrum
536 2139 620 2198 novit
641 2138 698 2196 nisi
715 2138 749 2196 td
762 2142 898 2211 tempuS,
922 2138 1006 2211 quod
1022 2138 1235 2197 cummaxime

234 2219 252 2272 4
267 2221 385 2291 transit,
409 2221 448 2278 ad
465 2220 626 2296 praeterita
642 2220 701 2278 rari
718 2220 849 2278 animum
864 2226 1052 2295 retorquent.
1091 2219 1142 2278 Sic
1157 2219 1192 2279 fit
1206 2223 1236 2277 ut

266 2309 485 2377 praeceptores
500 2313 666 2377 eorumque
680 2303 829 2362 beneficia
843 2302 1036 2376 intercidant,
1054 2303 1126 2378 quia
1144 2308 1234 2362 totam

266 2384 425 2459 pueritiam
439 2386 625 2460 reliquimus.
660 2386 705 2445 sic
721 2386 755 2444 tn
769 2393 802 2445 ut
812 2388 842 2445 in
854 2387 1090 2447 adulescentiam
1103 2392 1237 2445 nostram

267 2469 376 2554 coliata
396 2476 537 2543 pereant,
564 2471 636 2544 quia
656 2470 724 2543 ipsa
739 2485 904 2543 numquam
919 2476 1106 2529 retractatur.
1141 2469 1236 2527 Nemo

268 2551 351 2625 quod
371 2552 426 2611 suit
446 2560 597 2627 tamquam
620 2552 649 2611 in
672 2553 849 2626 praeterito,
872 2553 929 2613 sed
948 2560 1101 2627 tamquam
1122 2552 1154 2610 in
1171 2567 1236 2625 per·

266 2634 328 2693 dito
349 2636 454 2711 ponit,
485 2636 617 2710 ideoque
641 2637 758 2696 caduca
781 2638 927 2698 memoria
952 2644 1000 2697 est
1024 2636 1124 2696 futuro
1151 2633 1235 2694 inuti·
1273 2689 1278 2697 .

265 2720 409 2779 nentium.
1246 2791 1251 2798 .

235 2805 250 2856 1
328 2802 380 2859 IV.
403 2801 468 2860 Hoc
481 2803 549 2861 loco
561 2803 751 2863 reddendum
763 2801 1172 2876 estEpicurotcstimonium,
1185 2799 1236 2875 qui

267 2881 396 2942 adsidue
408 2885 557 2956 queritur,
580 2887 664 2959 quod
676 2887 825 2945 adversus
840 2888 1001 2960 praeterita
1012 2884 1107 2945 simus
1120 2882 1236 2960 ingrati,

268 2965 351 3037 quod
371 2981 582 3042 quaecumque
601 2968 794 3044 percepimus
810 2969 891 3029 bona
905 2987 964 3029 non
981 2967 1167 3028 reducamus
1182 2979 1238 3025 nec

267 3047 344 3107 inter
363 3049 537 3123 voluptates
557 3067 767 3125 numeremus,
794 3067 866 3117 =cum
888 3052 999 3112 certior
1020 3051 1104 3110 nulia
1125 3052 1166 3111 sit
1184 3064 1237 3108 vo

233 3135 251 3185 a
267 3130 369 3206 luptas
385 3148 476 3205 quam
493 3149 572 3207 quae
586 3134 645 3193 iam
659 3135 735 3209 eripi
752 3152 811 3194 non
825 3142 935 3208 potest.
970 3134 1147 3194 Praesentia
1158 3134 1239 3193 bona

265 3216 401 3275 nondum
422 3223 484 3276 tota
505 3216 535 3275 in
554 3218 653 3277 solido
669 3226 753 3289 sunt,
777 3225 879 3291 potest
894 3217 946 3277 ilia
961 3234 1052 3280 casus
1070 3218 1181 3291 aliquis
1193 3216 1237 3273 in·

265 3297 377 3358 cidere.
415 3301 514 3360 sutura
535 3302 670 3374 pendent
691 3307 720 3361 et
740 3299 854 3360 incerta
875 3308 962 3360 sunta
984 3300 1069 3375 quod
1087 3296 1240 3374 praeteriit

265 3381 342 3441 inter
357 3389 419 3441 tuta
431 3384 600 3456 sepositum
612 3392 667 3444 est.
704 3384 864 3458 Quomodo
876 3393 979 3458 gratus
993 3399 1064 3443 esse
1076 3384 1240 3458 quisquam

265 3465 416 3524 adversus
431 3465 580 3524 beneficia
595 3474 710 3540 potest,
734 3469 787 3541 qui
802 3482 922 3525 omnem
937 3469 1027 3525 vitam
1043 3482 1128 3525 suam
1141 3472 1238 3523 trans·

266 3548 327 3606 sitit
349 3548 553 3621 praesentium
573 3554 656 3607 totus
676 3564 712 3608 ae
733 3550 923 3609 futurorum?
954 3549 1100 3607 Memoria
1121 3554 1240 3621 gratum

265 3627 350 3688 facit:
378 3631 542 3691 memoriae
561 3629 716 3692 minimum
735 3630 858 3706 tribuit,
889 3631 1029 3708 quisquis
1051 3630 1120 3707 spei
1145 3626 1237 3707 pluri·

265 3726 357 3770 mum.
