2942 4384
491 393 495 400 ι

253 438 305 505 ,40
553 440 587 500 L.
607 440 754 501 ANNAEI
774 440 948 502 SENECAE

265 593 314 653 cii
337 592 468 667 periit,
491 590 518 651 si
538 589 617 651 actio
635 592 714 651 sicut
728 591 861 651 creditae
875 591 1023 665 pecuniae
1039 600 1093 653 aut
1107 610 1146 654 ex
1162 610 1227 657 con-

264 678 355 737 ducto
377 684 407 736 et
426 677 524 735 locato
547 676 643 735 datur.
675 673 736 734 hoc
757 675 837 733 enim
856 676 886 734 in
902 676 952 735 illo
968 677 1241 751 speciosissimum¹

264 768 325 834 est,
342 760 424 834 quod
440 760 578 818 dedimus
594 760 641 817 vel
656 757 817 832 perdituri,
835 760 918 833 quod
932 766 1026 819 totum
1039 763 1228 834 permisimus

263 843 474 918 accipientium
496 842 635 901 arbitrio:
664 842 690 899 si
711 841 849 916 adpello,
877 842 902 901 si
924 842 964 901 ad
988 843 1122 903 iudicem
1144 861 1228 920 voco,

234 927 368 1002 tincipit
387 942 447 985 non
462 925 644 985 beneficium
658 940 744 995 esse,
766 926 822 983 sed
838 926 994 985 creditum.
1030 926 1150 987 Deinde
1165 944 1229 988 cum

263 1027 313 1071 res
329 1009 544 1068 honestissima
558 1010 596 1067 sit
606 1009 720 1067 referre
731 1007 872 1082 gratiam,
889 1009 1000 1068 desinit
1010 1025 1082 1069 esse
1093 1010 1228 1086 honesta,

263 1094 290 1153 si
305 1094 478 1152 necessaria
493 1100 548 1152 est.
569 1108 628 1151 uon
644 1092 721 1149 enim
735 1092 831 1165 magis
843 1091 977 1151 laudabit
988 1093 1153 1167 quisquam
1164 1110 1227 1169 gra·

263 1184 324 1235 tum
335 1175 486 1235 hominem
499 1191 588 1249 quam
601 1190 678 1246 eum,
692 1175 743 1249 qui
756 1176 929 1248 depositum
941 1175 1071 1235 reddidit
1083 1184 1137 1237 aut
1147 1178 1228 1253 quod

234 1260 393 1321 adelaebat
406 1259 480 1317 citra
496 1259 625 1318 iudicem
639 1259 736 1317 solvit.
766 1259 809 1315 lta
824 1259 902 1318 duas
916 1274 981 1331 res,
998 1258 1111 1333 quibus
1126 1262 1155 1320 in
1170 1260 1227 1321 vita

263 1342 393 1402 humana
407 1342 478 1400 nihil
494 1341 649 1416 pulchrius
665 1349 723 1409 est,
743 1341 979 1416 corrumpimus,
1001 1350 1119 1415 gratum
1135 1344 1227 1405 homi·

262 1442 331 1484 nem
346 1434 375 1485 et
392 1426 569 1484 beneficum.
599 1425 672 1499 quid
686 1425 766 1484 enim
781 1424 875 1484 autin
891 1426 951 1486 hoc
965 1424 1160 1500 magnificum
1175 1435 1226 1501 est,

263 1510 288 1569 si
312 1509 493 1569 beneficium
514 1524 574 1567 non
596 1510 662 1579 dat,
683 1509 738 1588 sed
755 1509 948 1568 commodati
973 1516 1024 1567 aut
1037 1508 1068 1567 in
1084 1509 1155 1584 illo,
1179 1510 1227 1585 qui

262 1593 375 1666 reddit,
404 1608 465 1652 non
488 1592 559 1665 quia
579 1592 656 1664 vult,
684 1592 739 1649 sed
762 1591 833 1665 quia
854 1607 983 1652 necesse
998 1599 1067 1652 est?
1100 1594 1168 1651 Non
1184 1600 1228 1654 est

263 1676 396 1748 gloriosa
415 1691 467 1733 res
481 1682 597 1748 gratum
613 1689 697 1745 esse,
720 1673 778 1733 nisi
793 1681 885 1735 tutum
901 1683 949 1734 est
960 1676 1109 1748 ingratum
1125 1677 1228 1737 luisse,

235 1760 382 1817 4Adice
404 1774 502 1817 nuno
525 1758 625 1830 quod
647 1757 733 1816 lruic
754 1759 816 1817 uni
833 1759 909 1832 legi
925 1758 1153 1819 omnialora
1170 1761 1228 1819 vix

264 1842 477 1900 sufficient.
507 1842 574 1915 quis
590 1841 645 1899 erit
660 1841 710 1915 qui
726 1856 786 1899 non
803 1848 894 1915 agat?
922 1841 991 1915 quis
1007 1857 1074 1900 cum
1091 1860 1154 1918 quo
1170 1858 1227 1902 nou

264 1930 389 1998 agatur?
410 1940 515 1984 omnes
531 1940 588 1983 sua
603 1925 763 1997 extollunt,
779 1941 885 1985 omnes
902 1923 991 1984 etiam
1003 1923 1133 1997 minima,
1152 1942 1229 2001 quae

235 2009 293 2067 ain
309 2008 384 2067 alios
400 2011 563 2080 contulere,
576 2008 709 2068 dilatant.
731 2008 891 2067 Praeterea
905 2024 1118 2083 quaecumque
1132 2008 1164 2067 in
1180 2026 1227 2069 co·

262 2092 425 2165 gnitionem
435 2093 554 2165 cadunt,
568 2092 735 2166 conprendi
749 2098 915 2165 possuntet
926 2107 984 2151 non
996 2091 1071 2150 dare
1082 2091 1229 2152 infinitam

263 2176 413 2234 licentiam
428 2176 538 2234 iudicii.
561 2176 630 2234 ideo
646 2175 752 2233 melior
767 2175 886 2234 videtur
898 2173 1038 2235 condicio
1051 2190 1166 2236 causae
1177 2176 1229 2237 bo

209 2297 217 2320 ι
264 2273 335 2329 nae,
362 2260 388 2316 si
410 2258 449 2315 ad
470 2259 599 2317 iudicem
622 2274 711 2332 quam
733 2258 760 2318 si
782 2258 820 2316 ad
836 2257 980 2317 arbitrum
995 2259 1133 2330 mittitur,
1159 2259 1230 2335 quia

263 2340 344 2398 illum
367 2340 493 2399 formula
515 2340 640 2399 includit
655 2349 684 2400 et
699 2348 815 2413 certos,
838 2357 917 2415 quos
932 2357 991 2399 non
1007 2343 1152 2416 excedat,
1173 2349 1229 2402 ter·

264 2420 363 2482 minos
386 2423 484 2497 ponit,
508 2423 597 2483 huius
617 2423 711 2482 libera
733 2432 763 2482 et
778 2422 867 2483 nullis
882 2424 1024 2484 adstricta
1040 2425 1170 2485 vinculis
1184 2441 1230 2485 re-

264 2505 334 2578 ligio
356 2514 386 2565 et
407 2506 565 2564 detrahere
581 2506 698 2580 aliquid
712 2515 857 2579 potestat
872 2508 1229 2569 adicereetsententiam

264 2604 365 2660 suam,
388 2606 447 2648 non
471 2598 560 2663 prout
580 2591 628 2648 lex
651 2597 702 2648 aut
722 2588 835 2651 iustitia
850 2590 974 2664 suadet,
998 2592 1054 2651 sed
1070 2600 1163 2665 prout
1176 2592 1229 2651 hu·

234 2673 388 2733 6manitas
402 2680 453 2733 aut
464 2672 672 2733 misericordia
683 2674 805 2747 inpulit,
819 2689 935 2747 regere.
962 2675 1110 2748 Ingrati
1125 2673 1229 2735 actio

263 2773 335 2815 non
358 2763 440 2815 erat
456 2757 621 2816 iudicem
639 2757 877 2832 adligatura,
901 2757 956 2816 sed
968 2774 1063 2833 regno
1075 2757 1229 2819 liberrimo

263 2838 411 2912 positura.
440 2840 513 2912 quid
532 2839 571 2897 sit
591 2839 669 2898 enim
690 2839 870 2899 beneficium
887 2857 947 2900 non
963 2838 1091 2901 constat.
1119 2842 1231 2900 deinde

265 2927 409 2994 quantum
441 2922 499 2979 sit:
534 2922 626 2980 refert
650 2938 740 2996 quam
764 2923 895 2997 benigne
920 2924 992 2984 illud
1017 2924 1231 2999 interpretetur

263 3002 364 3063 iudex.
402 3003 478 3076 Quid
498 3004 538 3064 sit
556 3005 692 3077 ingratus
714 3006 796 3065 nulla
817 3007 867 3065 lex
883 3014 1044 3068 monstrate
1067 3023 1164 3083 saepe
1178 3012 1229 3082 [et]

265 3087 315 3160 qui
330 3087 462 3147 reddidit
478 3087 560 3161 quod
574 3090 692 3163 accepit
706 3088 842 3163 ingratus
858 3098 904 3150 est
918 3092 1011 3166 etqui
1026 3107 1086 3151 non
1099 3089 1232 3152 reddidit

234 3172 377 3244 tgratus.
417 3171 461 3231 De
482 3172 662 3248 quibusdam
682 3178 712 3230 et
730 3173 879 3248 inperitus
904 3174 997 3235 iudex
1018 3175 1167 3234 dimittere
1187 3182 1230 3234 ta·

262 3254 371 3313 bellam
388 3262 503 3329 potest,
523 3256 574 3316 ubi
588 3256 700 3315 secisse
716 3263 767 3317 aut
778 3272 838 3316 non
850 3256 962 3317 iecisse
974 3257 1231 3331 pronuntiandum

214 3339 220 3350 '
262 3345 317 3407 est,
329 3336 382 3401 ubi
393 3340 518 3413 prolatis
531 3340 721 3400 cautionibus
734 3341 942 3400 controversia
953 3340 1082 3401 tollitur=
1100 3340 1152 3401 ubi
1162 3356 1232 3401 vero

225 3426 227 3432 ’
262 3421 1231 3499 interdisputantesratioiusdicitubianimiconiecluracapien·

262 3504 302 3562 da
316 3510 378 3575 est,
400 3505 452 3563 ubi
466 3503 511 3578 id,
533 3505 644 3579 dequo
660 3508 727 3565 sola
739 3507 887 3581 sapientia
899 3507 1049 3581 decernit,
1067 3508 1096 3567 in
1109 3515 1230 3567 contro·

262 3586 1231 3661 versiamincidit,nonpotestadhaecsumliudexexturbusele

265 3672 390 3744 olorum,
404 3686 494 3746 quem
506 3686 618 3731 census
629 3670 660 3730 in
672 3673 773 3733 album
781 3673 970 3749 elequestris
978 3673 1132 3735 hereditas
1139 3672 1231 3736 misit
