2942 4384
351 541 353 545 Α
402 494 543 555 aaran.
559 493 719 568 punnsr.
742 494 814 553 ua.
826 496 890 553 vn.
910 502 1042 559 aro-aa.
1146 495 1207 558 sir.
1240 517 1245 522 ,

235 662 297 708 non
320 645 492 720 promiscue
512 661 569 703 nec
585 644 724 704 omnibus
742 651 859 717 patent:
881 645 1007 704 reducta
1022 652 1051 703 et
1065 645 1207 709 interiore

236 730 371 790 sacrario
394 731 498 787 clausa
518 736 597 787 sunt.
631 727 795 800 exquibus
813 727 1101 800 aliudhaecaetas,
1124 730 1206 787 aliud

236 829 317 887 quae
333 820 404 885 post
417 828 475 870 nos
490 811 616 882 subibit,
639 810 787 884 dispiciel.

296 894 400 953 XXXl.
429 894 556 967 Quando
577 909 650 966 ergo
671 893 730 951 ista
751 893 782 950 in
797 892 929 951 notitiam
945 902 1079 953 nostram
1096 896 1234 969 perdu-1

236 985 362 1037 centur?
392 978 490 1035 Tarde
505 991 613 1049 magna
629 977 825 1049 proveniunt,
839 977 944 1049 utique
959 977 986 1035 si
998 979 1083 1037 labor
1095 986 1205 1038 cessat.

235 1062 269 1119 ld
292 1060 374 1134 quod
396 1076 486 1118 unum
509 1066 572 1118 toto
590 1060 707 1131 agimus
723 1060 838 1131 animo,
862 1060 995 1118 nondum
1012 1061 1205 1135 perfecimus

234 1152 266 1203 ut
282 1144 409 1217 pessimi
424 1158 572 1201 essemus.
602 1142 700 1200 adhue
715 1142 744 1200 in
763 1158 913 1215 processu
929 1143 1000 1202 vilia
1016 1152 1100 1204 sunl:
1123 1145 1205 1203 inve·

235 1227 278 1285 nit
298 1226 418 1284 luxuria
436 1226 549 1299 aliquid
571 1226 657 1297 novi,
678 1224 708 1282 in
727 1225 809 1298 quod
825 1225 963 1285 insaniat.
992 1227 1105 1285 invenit
1119 1228 1205 1300 inpu-

235 1307 337 1367 dicitia
352 1325 461 1366 novam
479 1308 690 1367 contumeliam
705 1307 773 1365 sibi.
795 1308 908 1366 invenit
920 1309 1093 1368 deliciarum
1106 1310 1206 1369 disso-

234 1393 308 1453 lutio
331 1398 361 1450 et
382 1392 468 1450 tabes
489 1392 603 1465 aliquid
624 1389 758 1449 tenerius
782 1389 979 1465 molliusque,
1007 1410 1068 1466 quo
1092 1400 1205 1466 pereat.

233 1476 374 1534 Nondum
398 1476 471 1534 satis
491 1474 585 1533 robur
606 1489 695 1532 omne
716 1474 917 1547 proiechnus:
943 1475 1042 1535 adhuc
1063 1477 1235 1549 quidquidi

234 1566 282 1617 est
301 1558 373 1615 boni
395 1559 503 1629 moris,
530 1557 751 1630 exstinguimus
772 1559 910 1617 laevitate
931 1565 960 1616 et
986 1560 1115 1633 politura
1140 1576 1193 1618 cor

234 1658 354 1715 porum.
388 1642 550 1699 muliebres
565 1640 728 1699 munditias
744 1642 976 1700 antecessimus.
1009 1645 1129 1701 colores
1144 1658 1205 1700 me-

233 1724 372 1783 retricios
393 1724 538 1781 matronis
558 1724 681 1797 quidem
702 1740 762 1783 non
785 1725 957 1784 induendos
973 1726 1029 1784 viri
1048 1727 1205 1785 sumimus.

233 1815 339 1865 tenero
355 1814 384 1864 et
398 1806 479 1865 molli
494 1807 618 1865 incessu
633 1806 850 1879 suspendimus
865 1809 1005 1880 gradum:
1026 1826 1087 1869 non
1103 1809 1206 1867 ambu-

235 1891 347 1961 lamm,
364 1890 419 1948 sed
431 1889 608 1947 incedimus
638 1904 821 1948 exornamus
834 1890 931 1948 anulis
944 1892 1068 1964 digitos,
1085 1892 1113 1950 in
1126 1891 1207 1950 omni

235 1974 361 2032 articulo
387 1972 763 2045 gemmam'disponimus.
810 1974 919 2031 cotidie
951 1975 1236 2044 corintiniscinrur,3

236 2073 291 2130 per
314 2071 392 2127 qnae
416 2055 545 2114 virilitati
565 2056 617 2114 fiat
637 2055 759 2127 minna,
788 2056 1023 2127 intruderetur,
1053 2058 1206 2131 quianon

236 2146 338 2216 potest
357 2138 442 2198 exui:
465 2139 542 2197 alius
564 2138 705 2211 genitalia
725 2139 852 2208 excidit,
874 2140 951 2198 alius
973 2141 1001 2197 in
1021 2141 1207 2199 obscoenam

235 2232 351 2299 partem
368 2224 431 2281 ludi
449 2222 523 2295 lngit
539 2230 568 2281 et
581 2224 699 2281 locatus
716 2222 755 2279 ad
770 2229 895 2280 mortem
911 2224 1051 2281 infamem
1066 2230 1206 2282 armatur.

235 2323 352 2381 egenus
369 2307 457 2365 etiarn
473 2306 501 2363 in
519 2322 579 2379 quo
596 2306 732 2365 morbum
750 2322 837 2364 suum
854 2315 1010 2378 exerceat,
1032 2308 1112 2381 legit.

299 2389 416 2447 XXXll.
449 2388 584 2461 Miraris,
617 2390 644 2447 si
674 2389 837 2448 nondum
869 2390 1068 2463 sapientia
1100 2397 1235 2463 omnel

236 2489 335 2546 opus
363 2488 469 2530 suum
497 2471 688 2544 inplevit?
720 2473 884 2531 nondum
907 2480 987 2531 tota
1009 2489 1049 2533 se
1071 2475 1206 2546 nequi-

236 2556 290 2615 tia
314 2554 483 2628 protulit.
511 2555 611 2612 adhuc
626 2554 760 2612 nascitur
775 2561 805 2613 et
819 2554 887 2612 huic
900 2571 1006 2613 omnes
1019 2572 1143 2629 operam
1156 2557 1207 2614 da·
1262 2605 1263 2609 ,

236 2655 320 2697 mus:
341 2638 410 2696 hnic
426 2638 505 2696 oculi
521 2637 631 2709 nostri,
651 2636 721 2695 huic
736 2652 843 2694 manus
859 2637 1010 2697 serviunt:
1034 2638 1072 2696 ad
1087 2640 1207 2712 sapien-

236 2723 306 2779 tiam
331 2722 399 2794 quis
422 2720 560 2779 accedit?
593 2720 661 2793 quis
684 2719 806 2793 dignam
827 2720 953 2792 iudicat,
982 2720 1039 2779 nisi
1063 2738 1153 2794 quam
1177 2722 1207 2778 in

236 2805 365 2863 transitu
385 2804 524 2863 noverit?
556 2803 623 2876 quis
651 2803 874 2876 philosophiam
896 2810 947 2862 ant
970 2804 1062 2862 ullum
1085 2803 1209 2863 liberale

235 2888 363 2960 respicit
378 2887 523 2958 studium,
547 2886 604 2944 nisi
621 2901 687 2944 curn
703 2886 766 2946 ludi
779 2886 1000 2959 intercalantur‚
1017 2902 1085 2946 cum
1097 2887 1208 2962 aliquis

238 2972 361 3044 pluvius
384 2971 542 3029 intervenit
563 2970 644 3041 dies,
667 2986 757 3042 quem
774 2970 903 3043 perdere
918 2970 1012 3029 libet?
1045 2971 1150 3045 Itaque
1167 2974 1237 3030 loti

237 3054 370 3117 familiae
383 3053 634 3126 philosophorum
647 3054 713 3111 sine
726 3069 908 3113 successore
916 3054 1074 3113 deficiunt:
1089 3055 1208 3113 Acade-

237 3137 308 3194 mici
329 3142 358 3194 et
377 3144 495 3194 veteres
517 3143 546 3193 et
560 3136 693 3195 minores
709 3135 822 3196 nullutn
838 3136 999 3196 antistitem
1013 3138 1208 3210 reliquerunt.

239 3220 370 3293 quis-est
383 3220 434 3293 qui
450 3218 547 3277 tradat
561 3228 725 3293 praecepta
736 3218 923 3294 Pyrrhonis?
949 3220 1150 3295 Pythagorica
1161 3220 1211 3277 illa

238 3302 392 3361 invidiosa
403 3302 507 3361 turbae
521 3302 627 3359 schola
640 3308 869 3375 praeceptorem
881 3318 939 3360 non
953 3301 1075 3360 invenit.
1091 3301 1208 3361 Sextio-

238 3402 305 3444 rum
327 3400 408 3443 nova
428 3392 457 3443 et
477 3384 605 3443 Romani
627 3384 747 3443 roboris
763 3392 847 3443 secta
860 3385 938 3444 inter
952 3386 1035 3444 lnilia
1049 3401 1119 3457 sua,
1142 3399 1210 3444 cum

241 3484 351 3541 magno
373 3468 476 3541 inpetu
497 3468 666 3541 coepisset,
688 3468 838 3526 exstincta
858 3474 913 3526 est.
949 3470 989 3526 At
1006 3476 1118 3541 quanta
1139 3474 1239 3527 curat

241 3552 403 3620 laboratur,
423 3550 558 3608 noenius
572 3551 746 3624 pantomimi
759 3565 868 3609 nomen
881 3550 1063 3610 intercidat?
1082 3558 1141 3609 slat
1158 3567 1211 3624 per

240 3648 442 3693 successores
467 3631 591 3707 Pyladis
617 3640 646 3693 et
669 3632 801 3709 Bathylli
826 3634 944 3693 domus.
976 3634 1081 3692 harum
1103 3634 1210 3692 artium

241 3717 325 3776 multi
348 3715 488 3789 discipuli
514 3724 584 3776 sunt
607 3716 752 3790 multique
779 3716 936 3776 doctores:
964 3715 1114 3791 privatum
1138 3714 1211 3776 urbe
