2942 4384
326 463 388 540 246
613 466 645 525 n.
668 465 814 525 xnnnur
830 419 1005 525 sanaem

327 618 460 691 delphini
482 618 593 691 spinis,
616 632 694 689 quas
709 616 804 677 dorso
819 615 986 677 eminentes
1001 623 1124 691 gerunt,
1145 614 1299 677 submersi

325 702 524 760 volnerabant
549 707 578 759 et
602 699 632 757 in
653 700 816 760 adversum
837 701 915 758 enisi
936 702 1121 763 dividebant.
1153 700 1298 759 rescissis

326 784 385 843 hoc
411 784 502 844 modo
528 782 664 857 pluribus
691 782 785 842 ceteri
808 786 891 842 velut
910 785 975 843 acie
999 800 1090 843 versa
1110 783 1298 856 refugerunt.

217 906 218 909 κ
285 868 429 941 ttFugax
453 867 563 925 animal
590 866 713 936 audaci,
740 867 976 925 audacissimum
1001 863 1115 927 timido.
1149 881 1208 925 nec
1229 867 1298 927 illos

325 950 499 1027 Tentyritae
528 948 648 1023 generis
668 957 718 1009 aut
739 949 896 1023 sanguinis
925 951 1112 1024 proprietate
1139 958 1296 1023 superant,

326 1034 381 1091 sed
404 1039 578 1105 contemptu
599 1038 628 1089 et
642 1033 818 1091 temeritate.
845 1034 923 1092 ultro
938 1034 1018 1092 enim
1033 1034 1236 1107 insequuntur
1250 1034 1305 1093 lu·

325 1116 505 1190 gientesque
520 1115 629 1174 iniecto
645 1115 766 1177 trahunt
785 1117 911 1189 laqueo:
944 1117 1063 1190 plurimi
1084 1116 1208 1190 quidem
1229 1132 1295 1189 per-

326 1207 410 1273 eunt,
433 1198 543 1272 quibus
564 1197 664 1257 minus
686 1213 834 1272 praesens
855 1199 973 1259 animus
989 1200 1028 1257 ad
1048 1200 1296 1273 persequendum

286 1282 386 1342 lfiluit.
423 1283 522 1341 Nilum
547 1281 710 1355 aliquando
732 1282 878 1340 marinam
897 1298 1007 1355 aquam
1029 1283 1178 1341 detulisse
1198 1283 1295 1341 Theo

323 1366 468 1439 phrastus
490 1374 537 1424 est
557 1371 671 1423 auctor.
709 1363 837 1424 Biennio
859 1366 1017 1438 continno,
1044 1372 1191 1438 regnante
1210 1366 1294 1425 Cleo-

324 1458 411 1524 patra
431 1465 492 1508 non
508 1448 724 1519 adscendisse,
746 1448 864 1508 decimo
878 1450 964 1523 regni
980 1464 1060 1507 anno
1076 1456 1107 1507 et
1121 1449 1293 1521 undecimo,

324 1540 452 1592 constat.
475 1530 674 1605 significatam
691 1532 774 1591 aiunt
788 1531 909 1591 duobus
924 1548 1024 1591 rerum
1040 1530 1228 1606 potientibus
1243 1533 1293 1590 de·

324 1616 498 1674 lectionem:
526 1614 650 1673 Antonii
669 1614 748 1672 enim
763 1621 793 1673 et
808 1615 986 1689 Cleopatrae
1001 1616 1112 1674 deiecit
1125 1615 1292 1687 imperinm.

322 1696 380 1754 Per
404 1713 513 1756 novem
540 1712 638 1756 annos
660 1714 721 1756 non
743 1698 944 1757 adscendisse
963 1699 1060 1758 Nilum
1081 1697 1292 1772 superioribus

324 1780 436 1838 seculis
453 1780 652 1840 Callimachus
669 1788 715 1839 est
730 1788 844 1841 auctor.
1168 1813 1171 1817 ·

283 1872 313 1926 ll
384 1862 445 1921 Sed
466 1879 565 1922 nunc
590 1863 924 1938 adinspiciendas
950 1881 1103 1938 causac,
1131 1873 1294 1940 propter

324 1962 418 2019 quas
441 1953 590 2007 aestate
606 1948 713 2006 Nilus
731 1956 898 2020 crescat,
919 1949 1099 2008 accedam
1115 1950 1209 2009 etab
1230 1966 1293 2007 an-

323 2029 558 2103 tiquissimis
580 2031 760 2104 incipiam
807 2033 1008 2105 Anaxagoras
1027 2032 1082 2101 ait,
1109 2048 1148 2090 ex
1168 2033 1293 2092 Aethio

322 2113 390 2185 piae
405 2113 483 2186 iugis
499 2113 614 2173 solutas
630 2113 713 2172 nives
730 2115 769 2173 ad
782 2115 878 2178 Nilum
891 2130 990 2189 usque
1005 2114 1176 2173 decurrere.
1198 2113 1229 2173 in
1246 2132 1293 2174 ea·

323 2196 392 2253 dem
414 2196 557 2269 opinione
579 2197 676 2256 omnis
698 2204 836 2257 vetustas
860 2198 923 2256 luit.
954 2197 1014 2256 hoc
1028 2197 1220 2275 Aeschylus
1239 2198 1292 2258 So·

322 2277 464 2350 phocies‚
491 2279 653 2351 Euripides
678 2280 808 2340 tradunt.
843 2281 898 2339 sed
924 2281 1033 2340 lalsum
1060 2296 1131 2339 esse
1156 2282 1293 2354 pluribus

282 2360 505 2433 ldargumentis
518 2368 608 2436 patet.
630 2362 729 2423 Primo
744 2364 936 2438 Aethiopiam
952 2362 1207 2423 ferventissimam
1224 2380 1293 2423 esse

320 2442 434 2502 indicat
455 2444 608 2503 hominum
628 2449 712 2506 color
729 2447 858 2507 adustus
879 2453 909 2506 ei
928 2448 1149 2522 Troglodytae,
1181 2448 1292 2520 quibus

321 2527 536 2587 subterraneae
563 2529 672 2589 domus
700 2538 780 2589 sunt.
819 2547 896 2589 saxa
916 2532 998 2588 velut
1021 2530 1082 2604 igni
1108 2531 1292 2602 lervescunt,

320 2626 381 2668 non
405 2617 519 2671 tantum
546 2612 660 2686 medio,
687 2614 741 2673 sed
768 2614 910 2673 inclinato
937 2629 1060 2686 quoque
1086 2612 1144 2672 die.
1179 2614 1292 2673 ardens

320 2694 420 2765 pulvis
435 2710 491 2753 nec
503 2693 625 2753 humani
636 2697 755 2769 vestigii
768 2697 895 2770 patiens.
906 2703 1062 2769 argentum
1074 2696 1291 2769 replumbatur.

321 2776 476 2848 signorum
497 2786 674 2851 coagmenta
698 2782 866 2839 solvuntur.
896 2781 1009 2838 nullum
1026 2780 1169 2839 materiae
1185 2796 1291 2854 super-

320 2858 484 2918 adornatae
496 2867 596 2919 manet
606 2862 835 2934 operimentum.
858 2870 962 2922 auster
976 2878 1113 2936 quoque,
1129 2863 1181 2935 qni
1193 2879 1232 2922 ex
1242 2864 1290 2922 illo

318 2947 417 3000 tractu
433 2943 526 3015 venit,
549 2950 657 3002 ventus
673 2946 877 3005 calidissimus
896 2955 952 3005 est.
981 2947 1096 3005 nullum
1109 2961 1149 3003 ex
1164 2946 1213 3006 his
1230 2946 1289 3004 ani·

318 3023 464 3097 malibus,
493 3041 572 3101 quae
589 3028 694 3100 latent,
720 3030 828 3089 bruma
842 3045 985 3104 umquam
1001 3030 1177 3089 reconditur
1193 3037 1225 3089 et
1238 3045 1291 3103 per

317 3105 432 3167 hiemes
447 3108 476 3166 in
494 3125 611 3168 summo
625 3118 655 3169 et
668 3118 774 3185 aperto
790 3128 919 3186 serpens
933 3119 989 3172 est.
1012 3112 1201 3171 Alexandria
1217 3129 1288 3186 quo-

318 3206 378 3264 que
400 3192 489 3265 longe
510 3193 548 3251 ab
572 3194 732 3254 inmodicis
755 3196 907 3255 caloribus
924 3196 1024 3270 posita
1040 3204 1102 3255 est:
1127 3197 1216 3255 nives
1230 3212 1288 3255 non

276 3274 436 3335 ltcedunt.
460 3277 733 3351 superiorapluvia
749 3286 862 3339 carent.
885 3278 1145 3351 Quemadmodum
1157 3295 1233 3353 ergo
1244 3294 1287 3337 re·
1329 3310 1331 3366 4

316 3354 367 3430 gio
384 3358 475 3418 tantis
490 3358 626 3418 subiecta
641 3361 815 3421 fervoribus'
833 3362 993 3421 duraturas
1015 3378 1071 3436 per
1085 3369 1178 3421 totam
1192 3370 1288 3422 aesta-

315 3446 375 3498 tem
401 3442 485 3499 nives
507 3443 643 3516 recepit?
664 3460 742 3517 quas
758 3461 833 3504 sane
848 3446 940 3519 aliqui
955 3453 1073 3523 montes
1089 3444 1149 3505 illic
1165 3461 1288 3520 quoque

317 3522 487 3598 excipiant:
507 3526 654 3598 numquid
678 3528 775 3601 magis
797 3544 886 3602 quam
901 3530 1014 3601 Alpes⁷
1033 3544 1124 3601 quam
1143 3528 1287 3588 Thraciae

316 3606 401 3677 iugo,
428 3623 517 3680 quarn
544 3609 722 3668 caucasus?
751 3612 834 3685 atqui
859 3610 966 3671 horum
991 3611 1137 3671 montium
1164 3611 1287 3671 flumina

316 3700 389 3747 vere
411 3697 440 3750 et
458 3690 557 3765 prima
578 3697 693 3754 aestate
714 3694 932 3769 intumescunt,
954 3695 1065 3765 deinde
1086 3694 1223 3761 hibernis
1238 3697 1275 3755 mi
1329 3738 1331 3814 4

1328 3817 1331 3939 l
