<?xml version="1.0" encoding="UTF-8"?>
<!DOCTYPE html PUBLIC "-//W3C//DTD XHTML 1.0 Transitional//EN"
    "http://www.w3.org/TR/xhtml1/DTD/xhtml1-transitional.dtd">
<html xmlns="http://www.w3.org/1999/xhtml" xml:lang="en" lang="en">
 <head>
  <title>
</title>
<meta http-equiv="Content-Type" content="text/html;charset=utf-8" />
  <meta name='ocr-system' content='tesseract 3.04.00' />
  <meta name='ocr-capabilities' content='ocr_page ocr_carea ocr_par ocr_line ocrx_word'/>
</head>
<body>
  <div class='ocr_page' id='page_1' title='image "./lannaeisenecaeo07senegoog_0254.png"; bbox 0 0 2942 4384; ppageno 0'>
   <div class='ocr_carea' id='block_1_1' title="bbox 318 318 1131 507">
    <p class='ocr_par' dir='ltr' id='par_1_1' title="bbox 318 318 1131 507">
     <span class='ocr_line' id='line_1_1' title="bbox 1087 318 1131 374; baseline -0.023 -28"><span class='ocrx_word' id='word_1_1' title='bbox 1087 318 1131 374; x_wconf 47' lang='lat'>3.»</span> 
     </span>
     <span class='ocr_line' id='line_1_2' title="bbox 318 439 1109 507; baseline -0.015 1"><span class='ocrx_word' id='word_1_2' title='bbox 318 442 382 507; x_wconf 75' lang='lat'>242</span> <span class='ocrx_word' id='word_1_3' title='bbox 607 440 640 499; x_wconf 89' lang='lat' dir='ltr'>L.</span> <span class='ocrx_word' id='word_1_4' title='bbox 662 440 809 500; x_wconf 81' lang='lat' dir='ltr'><strong>ANNAEI</strong></span> <span class='ocrx_word' id='word_1_5' title='bbox 831 439 1005 500; x_wconf 82' lang='lat' dir='ltr'><strong>SENECAE</strong></span> <span class='ocrx_word' id='word_1_6' title='bbox 1066 455 1069 460; x_wconf 83' lang='lat'>·</span> <span class='ocrx_word' id='word_1_7' title='bbox 1101 470 1109 486; x_wconf 79' lang='lat'>=</span> 
     </span>
    </p>
   </div>
   <div class='ocr_carea' id='block_1_2' title="bbox 319 572 1292 662">
    <p class='ocr_par' dir='ltr' id='par_1_2' title="bbox 319 572 1292 662">
     <span class='ocr_line' id='line_1_3' title="bbox 319 572 1292 662; baseline -0.007 -4"><span class='ocrx_word' id='word_1_8' title='bbox 319 595 470 659; x_wconf 86' lang='lat' dir='ltr'>adversus</span> <span class='ocrx_word' id='word_1_9' title='bbox 487 594 622 654; x_wconf 89' lang='lat' dir='ltr'>minores</span> <span class='ocrx_word' id='word_1_10' title='bbox 637 591 869 662; x_wconf 82' lang='lat' dir='ltr'><strong>humanitatem,</strong></span> <span class='ocrx_word' id='word_1_11' title='bbox 892 572 1043 651; x_wconf 82' lang='lat' dir='ltr'>adversus</span> <span class='ocrx_word' id='word_1_12' title='bbox 1057 592 1190 652; x_wconf 79' lang='lat' dir='ltr'>maiores</span> <span class='ocrx_word' id='word_1_13' title='bbox 1204 607 1292 651; x_wconf 92' lang='lat' dir='ltr'>reve·</span> 
     </span>
    </p>
   </div>
   <div class='ocr_carea' id='block_1_3' title="bbox 269 674 1298 3753">
    <p class='ocr_par' dir='ltr' id='par_1_3' title="bbox 269 674 1298 3753">
     <span class='ocr_line' id='line_1_4' title="bbox 318 674 1292 751; baseline -0.006 -12"><span class='ocrx_word' id='word_1_14' title='bbox 318 680 465 739; x_wconf 85' lang='lat' dir='ltr'>rentiam:</span> <span class='ocrx_word' id='word_1_15' title='bbox 482 677 647 751; x_wconf 88' lang='lat' dir='ltr'>posthaec</span> <span class='ocrx_word' id='word_1_16' title='bbox 662 675 731 750; x_wconf 83' lang='lat' dir='ltr'>ipse</span> <span class='ocrx_word' id='word_1_17' title='bbox 747 681 776 733; x_wconf 91' lang='lat' dir='ltr'>te</span> <span class='ocrx_word' id='word_1_18' title='bbox 793 674 936 745; x_wconf 87' lang='lat' dir='ltr'>consule,</span> <span class='ocrx_word' id='word_1_19' title='bbox 952 689 1065 733; x_wconf 86' lang='lat' dir='ltr'>verane</span> <span class='ocrx_word' id='word_1_20' title='bbox 1079 690 1117 733; x_wconf 84' lang='lat' dir='ltr'>an</span> <span class='ocrx_word' id='word_1_21' title='bbox 1134 675 1214 734; x_wconf 83' lang='lat' dir='ltr'>laisa</span> <span class='ocrx_word' id='word_1_22' title='bbox 1231 691 1292 733; x_wconf 89' lang='lat' dir='ltr'>rne-</span> 
     </span>
     <span class='ocr_line' id='line_1_5' title="bbox 318 758 1292 831; baseline -0.005 -10"><span class='ocrx_word' id='word_1_23' title='bbox 318 761 498 822; x_wconf 89' lang='lat' dir='ltr'>moraveris.</span> <span class='ocrx_word' id='word_1_24' title='bbox 522 761 732 829; x_wconf 81' lang='lat' dir='ltr'>sirenosum,</span> <span class='ocrx_word' id='word_1_25' title='bbox 755 774 855 816; x_wconf 85' lang='lat' dir='ltr'>coram</span> <span class='ocrx_word' id='word_1_26' title='bbox 872 773 982 831; x_wconf 85' lang='lat' dir='ltr'>magno</span> <span class='ocrx_word' id='word_1_27' title='bbox 997 764 1075 816; x_wconf 88' lang='lat' dir='ltr'>teste</span> <span class='ocrx_word' id='word_1_28' title='bbox 1089 758 1232 818; x_wconf 85' lang='lat' dir='ltr'>laudatus</span> <span class='ocrx_word' id='word_1_29' title='bbox 1249 773 1292 829; x_wconf 75' lang='lat' dir='ltr'>es,</span> 
     </span>
     <span class='ocr_line' id='line_1_6' title="bbox 279 839 1294 914; baseline -0.003 -10"><span class='ocrx_word' id='word_1_30' title='bbox 279 845 346 904; x_wconf 79' lang='lat' dir='ltr'>resi</span> <span class='ocrx_word' id='word_1_31' title='bbox 363 846 455 914; x_wconf 83' lang='lat' dir='ltr'>laisa,</span> <span class='ocrx_word' id='word_1_32' title='bbox 483 843 602 902; x_wconf 90' lang='lat' dir='ltr'>derisus</span> <span class='ocrx_word' id='word_1_33' title='bbox 624 858 668 900; x_wconf 90' lang='lat' dir='ltr'>es.</span> <span class='ocrx_word' id='word_1_34' title='bbox 696 841 825 901; x_wconf 90' lang='lat' dir='ltr'>Possum</span> <span class='ocrx_word' id='word_1_35' title='bbox 850 839 967 914; x_wconf 80' lang='lat' dir='ltr'>etipse</span> <span class='ocrx_word' id='word_1_36' title='bbox 988 856 1069 900; x_wconf 91' lang='lat' dir='ltr'>nunc</span> <span class='ocrx_word' id='word_1_37' title='bbox 1083 840 1183 900; x_wconf 89' lang='lat' dir='ltr'>videri</span> <span class='ocrx_word' id='word_1_38' title='bbox 1197 848 1227 900; x_wconf 91' lang='lat' dir='ltr'>te</span> <span class='ocrx_word' id='word_1_39' title='bbox 1244 849 1294 901; x_wconf 90' lang='lat' dir='ltr'>aut</span> 
     </span>
     <span class='ocr_line' id='line_1_7' title="bbox 320 923 1293 1003; baseline -0.004 -16"><span class='ocrx_word' id='word_1_40' title='bbox 320 935 443 1003; x_wconf 83' lang='lat' dir='ltr'>captare</span> <span class='ocrx_word' id='word_1_41' title='bbox 466 933 518 985; x_wconf 86' lang='lat' dir='ltr'>aut</span> <span class='ocrx_word' id='word_1_42' title='bbox 538 926 684 999; x_wconf 66' lang='lat' dir='ltr'>experiris</span> <span class='ocrx_word' id='word_1_43' title='bbox 718 924 890 983; x_wconf 87' lang='lat' dir='ltr'>utrumlibet</span> <span class='ocrx_word' id='word_1_44' title='bbox 910 925 1002 982; x_wconf 90' lang='lat' dir='ltr'>crede</span> <span class='ocrx_word' id='word_1_45' title='bbox 1017 932 1047 985; x_wconf 83' lang='lat' dir='ltr'>et</span> <span class='ocrx_word' id='word_1_46' title='bbox 1064 940 1173 984; x_wconf 91' lang='lat' dir='ltr'>omnes</span> <span class='ocrx_word' id='word_1_47' title='bbox 1187 923 1293 985; x_wconf 88' lang='lat' dir='ltr'>timere</span> 
     </span>
     <span class='ocr_line' id='line_1_8' title="bbox 319 1008 995 1082; baseline -0.013 -12"><span class='ocrx_word' id='word_1_48' title='bbox 319 1028 337 1070; x_wconf 86' lang='lat' dir='ltr'>a</span> <span class='ocrx_word' id='word_1_49' title='bbox 352 1027 400 1069; x_wconf 93' lang='lat' dir='ltr'>me</span> <span class='ocrx_word' id='word_1_50' title='bbox 414 1009 525 1082; x_wconf 86' lang='lat' dir='ltr'>incipe.</span> <span class='ocrx_word' id='word_1_51' title='bbox 556 1008 764 1081; x_wconf 82' lang='lat' dir='ltr'>Vergilianum</span> <span class='ocrx_word' id='word_1_52' title='bbox 778 1008 853 1065; x_wconf 94' lang='lat' dir='ltr'>illud</span> <span class='ocrx_word' id='word_1_53' title='bbox 867 1008 995 1068; x_wconf 78' lang='lat' dir='ltr'>exaudi=</span> 
     </span>
     <span class='ocr_line' id='line_1_9' title="bbox 546 1091 865 1166; baseline -0.013 -14"><span class='ocrx_word' id='word_1_54' title='bbox 546 1108 690 1166; x_wconf 80' lang='lat' dir='ltr'><strong><em>nusquam</em></strong></span> <span class='ocrx_word' id='word_1_55' title='bbox 706 1098 769 1151; x_wconf 86' lang='lat' dir='ltr'>tutu</span> <span class='ocrx_word' id='word_1_56' title='bbox 780 1091 865 1163; x_wconf 81' lang='lat' dir='ltr'>fides.</span> 
     </span>
     <span class='ocr_line' id='line_1_10' title="bbox 320 1175 580 1236; baseline -0.019 -1"><span class='ocrx_word' id='word_1_57' title='bbox 320 1182 371 1235; x_wconf 84' lang='lat' dir='ltr'>aut</span> <span class='ocrx_word' id='word_1_58' title='bbox 386 1175 580 1236; x_wconf 77' lang='lat' dir='ltr'>Ouidianum:</span> 
     </span>
     <span class='ocr_line' id='line_1_11' title="bbox 545 1259 1156 1335; baseline -0.002 -16"><span class='ocrx_word' id='word_1_59' title='bbox 545 1277 604 1335; x_wconf 75' lang='lat' dir='ltr'>qua</span> <span class='ocrx_word' id='word_1_60' title='bbox 619 1266 700 1319; x_wconf 81' lang='lat' dir='ltr'>terro</span> <span class='ocrx_word' id='word_1_61' title='bbox 710 1265 807 1333; x_wconf 79' lang='lat' dir='ltr'>putet,</span> <span class='ocrx_word' id='word_1_62' title='bbox 819 1259 893 1331; x_wconf 83' lang='lat' dir='ltr'>sera</span> <span class='ocrx_word' id='word_1_63' title='bbox 907 1268 1014 1333; x_wconf 67' lang='lat' dir='ltr'>reuirat</span> <span class='ocrx_word' id='word_1_64' title='bbox 1027 1259 1156 1334; x_wconf 61' lang='lat' dir='ltr'>Erinys:</span> 
     </span>
     <span class='ocr_line' id='line_1_12' title="bbox 446 1346 846 1419; baseline -0.01 -15"><span class='ocrx_word' id='word_1_65' title='bbox 446 1347 478 1404; x_wconf 81' lang='lat' dir='ltr'>in</span> <span class='ocrx_word' id='word_1_66' title='bbox 489 1346 615 1419; x_wconf 81' lang='lat' dir='ltr'>focinus</span> <span class='ocrx_word' id='word_1_67' title='bbox 628 1347 744 1402; x_wconf 79' lang='lat' dir='ltr'>iurasse</span> <span class='ocrx_word' id='word_1_68' title='bbox 752 1349 846 1417; x_wconf 82' lang='lat' dir='ltr'>putes.</span> 
     </span>
     <span class='ocr_line' id='line_1_13' title="bbox 321 1424 1293 1499; baseline -0.004 -12"><span class='ocrx_word' id='word_1_69' title='bbox 321 1436 373 1487; x_wconf 86' lang='lat' dir='ltr'>aut</span> <span class='ocrx_word' id='word_1_70' title='bbox 387 1428 459 1486; x_wconf 91' lang='lat' dir='ltr'>illud</span> <span class='ocrx_word' id='word_1_71' title='bbox 474 1427 647 1486; x_wconf 79' lang='lat' dir='ltr'>Menandri:</span> <span class='ocrx_word' id='word_1_72' title='bbox 669 1426 753 1499; x_wconf 86' lang='lat' dir='ltr'>(quis</span> <span class='ocrx_word' id='word_1_73' title='bbox 768 1424 847 1483; x_wconf 91' lang='lat' dir='ltr'>enim</span> <span class='ocrx_word' id='word_1_74' title='bbox 863 1442 923 1485; x_wconf 93' lang='lat' dir='ltr'>non</span> <span class='ocrx_word' id='word_1_75' title='bbox 939 1426 968 1483; x_wconf 90' lang='lat' dir='ltr'>in</span> <span class='ocrx_word' id='word_1_76' title='bbox 985 1426 1042 1483; x_wconf 89' lang='lat' dir='ltr'>hoc</span> <span class='ocrx_word' id='word_1_77' title='bbox 1057 1424 1293 1497; x_wconf 80' lang='lat' dir='ltr'>magnitudinem</span> 
     </span>
     <span class='ocr_line' id='line_1_14' title="bbox 320 1508 1293 1585; baseline -0.002 -16"><span class='ocrx_word' id='word_1_78' title='bbox 320 1510 433 1585; x_wconf 89' lang='lat' dir='ltr'>ingenii</span> <span class='ocrx_word' id='word_1_79' title='bbox 454 1511 501 1571; x_wconf 88' lang='lat' dir='ltr'>sui</span> <span class='ocrx_word' id='word_1_80' title='bbox 519 1509 692 1577; x_wconf 81' lang='lat' dir='ltr'>concitavit,</span> <span class='ocrx_word' id='word_1_81' title='bbox 715 1508 881 1567; x_wconf 85' lang='lat' dir='ltr'>detestatus</span> <span class='ocrx_word' id='word_1_82' title='bbox 905 1525 1090 1567; x_wconf 86' lang='lat' dir='ltr'>consensum</span> <span class='ocrx_word' id='word_1_83' title='bbox 1106 1508 1231 1569; x_wconf 86' lang='lat' dir='ltr'>humani</span> <span class='ocrx_word' id='word_1_84' title='bbox 1244 1524 1293 1581; x_wconf 91' lang='lat' dir='ltr'>ge-</span> 
     </span>
     <span class='ocr_line' id='line_1_15' title="bbox 321 1591 1292 1660; baseline -0.005 -7"><span class='ocrx_word' id='word_1_85' title='bbox 321 1594 402 1653; x_wconf 84' lang='lat' dir='ltr'>neris</span> <span class='ocrx_word' id='word_1_86' title='bbox 423 1594 574 1653; x_wconf 88' lang='lat' dir='ltr'>tendentis</span> <span class='ocrx_word' id='word_1_87' title='bbox 596 1592 635 1651; x_wconf 84' lang='lat' dir='ltr'>ad</span> <span class='ocrx_word' id='word_1_88' title='bbox 657 1591 767 1660; x_wconf 69' lang='lat' dir='ltr'>vitiat)</span> <span class='ocrx_word' id='word_1_89' title='bbox 793 1608 891 1651; x_wconf 84' lang='lat' dir='ltr'>omnes</span> <span class='ocrx_word' id='word_1_90' title='bbox 911 1594 952 1651; x_wconf 87' lang='lat' dir='ltr'>ait</span> <span class='ocrx_word' id='word_1_91' title='bbox 975 1596 1068 1651; x_wconf 82' lang='lat' dir='ltr'>matos</span> <span class='ocrx_word' id='word_1_92' title='bbox 1090 1594 1188 1651; x_wconf 80' lang='lat' dir='ltr'>uivere</span> <span class='ocrx_word' id='word_1_93' title='bbox 1212 1600 1243 1650; x_wconf 92' lang='lat' dir='ltr'>et</span> <span class='ocrx_word' id='word_1_94' title='bbox 1266 1593 1292 1649; x_wconf 96' lang='lat' dir='ltr'>in</span> 
     </span>
     <span class='ocr_line' id='line_1_16' title="bbox 321 1675 1294 1748; baseline -0.005 -12"><span class='ocrx_word' id='word_1_95' title='bbox 321 1692 445 1736; x_wconf 81' lang='lat' dir='ltr'>scenam</span> <span class='ocrx_word' id='word_1_96' title='bbox 460 1678 543 1735; x_wconf 84' lang='lat' dir='ltr'>velut</span> <span class='ocrx_word' id='word_1_97' title='bbox 556 1676 687 1733; x_wconf 89' lang='lat' dir='ltr'>rusticus</span> <span class='ocrx_word' id='word_1_98' title='bbox 705 1681 794 1747; x_wconf 82' lang='lat' dir='ltr'>poeta</span> <span class='ocrx_word' id='word_1_99' title='bbox 808 1676 954 1747; x_wconf 82' lang='lat' dir='ltr'>prosiluit.</span> <span class='ocrx_word' id='word_1_100' title='bbox 970 1692 1031 1735; x_wconf 93' lang='lat' dir='ltr'>non</span> <span class='ocrx_word' id='word_1_101' title='bbox 1046 1690 1150 1733; x_wconf 91' lang='lat' dir='ltr'>senem</span> <span class='ocrx_word' id='word_1_102' title='bbox 1166 1675 1294 1748; x_wconf 81' lang='lat' dir='ltr'>excepit,</span> 
     </span>
     <span class='ocr_line' id='line_1_17' title="bbox 321 1756 1293 1831; baseline -0.004 -13"><span class='ocrx_word' id='word_1_103' title='bbox 321 1776 382 1819; x_wconf 91' lang='lat' dir='ltr'>non</span> <span class='ocrx_word' id='word_1_104' title='bbox 398 1775 540 1831; x_wconf 86' lang='lat' dir='ltr'>puerum,</span> <span class='ocrx_word' id='word_1_105' title='bbox 557 1775 618 1817; x_wconf 95' lang='lat' dir='ltr'>non</span> <span class='ocrx_word' id='word_1_106' title='bbox 634 1756 789 1829; x_wconf 84' lang='lat' dir='ltr'>feminam,</span> <span class='ocrx_word' id='word_1_107' title='bbox 805 1774 864 1816; x_wconf 94' lang='lat' dir='ltr'>non</span> <span class='ocrx_word' id='word_1_108' title='bbox 883 1758 993 1830; x_wconf 83' lang='lat' dir='ltr'>virum,</span> <span class='ocrx_word' id='word_1_109' title='bbox 1009 1765 1039 1816; x_wconf 93' lang='lat' dir='ltr'>et</span> <span class='ocrx_word' id='word_1_110' title='bbox 1052 1758 1144 1816; x_wconf 86' lang='lat' dir='ltr'>adicit</span> <span class='ocrx_word' id='word_1_111' title='bbox 1156 1774 1218 1816; x_wconf 89' lang='lat' dir='ltr'>non</span> <span class='ocrx_word' id='word_1_112' title='bbox 1236 1758 1293 1817; x_wconf 92' lang='lat' dir='ltr'>sin·</span> 
     </span>
     <span class='ocr_line' id='line_1_18' title="bbox 321 1842 1294 1916; baseline -0.003 -16"><span class='ocrx_word' id='word_1_113' title='bbox 321 1844 410 1916; x_wconf 90' lang='lat' dir='ltr'>gulos</span> <span class='ocrx_word' id='word_1_114' title='bbox 429 1857 573 1915; x_wconf 83' lang='lat' dir='ltr'>peccare,</span> <span class='ocrx_word' id='word_1_115' title='bbox 594 1856 655 1899; x_wconf 93' lang='lat' dir='ltr'>non</span> <span class='ocrx_word' id='word_1_116' title='bbox 673 1856 803 1914; x_wconf 85' lang='lat' dir='ltr'>paucos,</span> <span class='ocrx_word' id='word_1_117' title='bbox 821 1842 950 1900; x_wconf 81' lang='lat' dir='ltr'>sedium</span> <span class='ocrx_word' id='word_1_118' title='bbox 967 1842 1294 1900; x_wconf 88' lang='lat' dir='ltr'>scelusessecontex·</span> 
     </span>
     <span class='ocr_line' id='line_1_19' title="bbox 280 1924 1293 1999; baseline -0.005 -13"><span class='ocrx_word' id='word_1_119' title='bbox 280 1934 392 1992; x_wconf 78' lang='lat' dir='ltr'>aotum.</span> <span class='ocrx_word' id='word_1_120' title='bbox 425 1925 614 1999; x_wconf 88' lang='lat' dir='ltr'>Fugiendum</span> <span class='ocrx_word' id='word_1_121' title='bbox 640 1940 713 1997; x_wconf 90' lang='lat' dir='ltr'>ergo</span> <span class='ocrx_word' id='word_1_122' title='bbox 738 1931 768 1981; x_wconf 91' lang='lat' dir='ltr'>ct</span> <span class='ocrx_word' id='word_1_123' title='bbox 792 1925 878 1983; x_wconf 90' lang='lat' dir='ltr'>inse</span> <span class='ocrx_word' id='word_1_124' title='bbox 905 1924 1092 1983; x_wconf 90' lang='lat' dir='ltr'>redeundum</span> <span class='ocrx_word' id='word_1_125' title='bbox 1115 1932 1176 1994; x_wconf 88' lang='lat' dir='ltr'>est,</span> <span class='ocrx_word' id='word_1_126' title='bbox 1205 1925 1293 1981; x_wconf 91' lang='lat' dir='ltr'>immo</span> 
     </span>
     <span class='ocr_line' id='line_1_20' title="bbox 322 2006 1293 2079; baseline -0.004 -11"><span class='ocrx_word' id='word_1_127' title='bbox 322 2008 410 2068; x_wconf 86' lang='lat' dir='ltr'>ctiam</span> <span class='ocrx_word' id='word_1_128' title='bbox 433 2025 451 2068; x_wconf 87' lang='lat' dir='ltr'>a</span> <span class='ocrx_word' id='word_1_129' title='bbox 472 2025 506 2067; x_wconf 92' lang='lat' dir='ltr'>se</span> <span class='ocrx_word' id='word_1_130' title='bbox 526 2008 742 2067; x_wconf 89' lang='lat' dir='ltr'>recedendum.</span> <span class='ocrx_word' id='word_1_131' title='bbox 774 2007 841 2066; x_wconf 89' lang='lat' dir='ltr'>Hoc</span> <span class='ocrx_word' id='word_1_132' title='bbox 862 2007 930 2079; x_wconf 85' lang='lat' dir='ltr'>tibi,</span> <span class='ocrx_word' id='word_1_133' title='bbox 955 2007 1013 2067; x_wconf 89' lang='lat' dir='ltr'>etsi</span> <span class='ocrx_word' id='word_1_134' title='bbox 1033 2008 1106 2064; x_wconf 84' lang='lat' dir='ltr'>mari</span> <span class='ocrx_word' id='word_1_135' title='bbox 1123 2006 1293 2077; x_wconf 87' lang='lat' dir='ltr'>dividimur,</span> 
     </span>
     <span class='ocr_line' id='line_1_21' title="bbox 322 2090 1293 2167; baseline -0.005 -17"><span class='ocrx_word' id='word_1_136' title='bbox 322 2100 480 2167; x_wconf 82' lang='lat' dir='ltr'>praestare</span> <span class='ocrx_word' id='word_1_137' title='bbox 494 2091 662 2165; x_wconf 79' lang='lat' dir='ltr'>temptabo,</span> <span class='ocrx_word' id='word_1_138' title='bbox 678 2098 710 2149; x_wconf 95' lang='lat' dir='ltr'>ut</span> <span class='ocrx_word' id='word_1_139' title='bbox 726 2090 851 2150; x_wconf 89' lang='lat' dir='ltr'>dubium</span> <span class='ocrx_word' id='word_1_140' title='bbox 865 2091 933 2149; x_wconf 86' lang='lat' dir='ltr'>viae</span> <span class='ocrx_word' id='word_1_141' title='bbox 948 2092 1057 2150; x_wconf 87' lang='lat' dir='ltr'>iniecta</span> <span class='ocrx_word' id='word_1_142' title='bbox 1074 2106 1165 2149; x_wconf 87' lang='lat' dir='ltr'>manu</span> <span class='ocrx_word' id='word_1_143' title='bbox 1181 2091 1221 2148; x_wconf 85' lang='lat' dir='ltr'>ad</span> <span class='ocrx_word' id='word_1_144' title='bbox 1236 2105 1293 2147; x_wconf 89' lang='lat' dir='ltr'>me-</span> 
     </span>
     <span class='ocr_line' id='line_1_22' title="bbox 322 2173 1293 2248; baseline -0.007 -14"><span class='ocrx_word' id='word_1_145' title='bbox 322 2176 398 2234; x_wconf 89' lang='lat' dir='ltr'>liora</span> <span class='ocrx_word' id='word_1_146' title='bbox 421 2175 596 2248; x_wconf 86' lang='lat' dir='ltr'>perducam.</span> <span class='ocrx_word' id='word_1_147' title='bbox 630 2182 659 2233; x_wconf 87' lang='lat' dir='ltr'>et</span> <span class='ocrx_word' id='word_1_148' title='bbox 674 2190 712 2232; x_wconf 92' lang='lat' dir='ltr'>ne</span> <span class='ocrx_word' id='word_1_149' title='bbox 732 2173 927 2233; x_wconf 87' lang='lat' dir='ltr'>solitudinem</span> <span class='ocrx_word' id='word_1_150' title='bbox 951 2174 1081 2245; x_wconf 86' lang='lat' dir='ltr'>sentias,</span> <span class='ocrx_word' id='word_1_151' title='bbox 1103 2173 1174 2232; x_wconf 91' lang='lat' dir='ltr'>hinc</span> <span class='ocrx_word' id='word_1_152' title='bbox 1197 2182 1293 2231; x_wconf 89' lang='lat' dir='ltr'>tecum</span> 
     </span>
     <span class='ocr_line' id='line_1_23' title="bbox 322 2256 1293 2331; baseline -0.005 -14"><span class='ocrx_word' id='word_1_153' title='bbox 322 2257 457 2317; x_wconf 84' lang='lat' dir='ltr'>miscebo</span> <span class='ocrx_word' id='word_1_154' title='bbox 475 2273 643 2316; x_wconf 87' lang='lat' dir='ltr'>sermones.</span> <span class='ocrx_word' id='word_1_155' title='bbox 665 2256 785 2317; x_wconf 81' lang='lat' dir='ltr'>Erimus</span> <span class='ocrx_word' id='word_1_156' title='bbox 798 2273 872 2329; x_wconf 86' lang='lat' dir='ltr'>una,</span> <span class='ocrx_word' id='word_1_157' title='bbox 890 2275 950 2331; x_wconf 89' lang='lat' dir='ltr'>qua</span> <span class='ocrx_word' id='word_1_158' title='bbox 966 2264 1050 2331; x_wconf 84' lang='lat' dir='ltr'>parte</span> <span class='ocrx_word' id='word_1_159' title='bbox 1063 2256 1167 2331; x_wconf 82' lang='lat' dir='ltr'>optimi</span> <span class='ocrx_word' id='word_1_160' title='bbox 1180 2271 1293 2315; x_wconf 88' lang='lat' dir='ltr'>snmus.</span> 
     </span>
     <span class='ocr_line' id='line_1_24' title="bbox 323 2338 1293 2412; baseline -0.003 -13"><span class='ocrx_word' id='word_1_161' title='bbox 323 2339 462 2399; x_wconf 88' lang='lat' dir='ltr'>dabimus</span> <span class='ocrx_word' id='word_1_162' title='bbox 477 2339 607 2398; x_wconf 88' lang='lat' dir='ltr'>invicem</span> <span class='ocrx_word' id='word_1_163' title='bbox 621 2340 764 2412; x_wconf 86' lang='lat' dir='ltr'>consilia,</span> <span class='ocrx_word' id='word_1_164' title='bbox 780 2347 809 2399; x_wconf 87' lang='lat' dir='ltr'>et</span> <span class='ocrx_word' id='word_1_165' title='bbox 823 2357 883 2399; x_wconf 95' lang='lat' dir='ltr'>non</span> <span class='ocrx_word' id='word_1_166' title='bbox 901 2357 941 2399; x_wconf 86' lang='lat' dir='ltr'>ex</span> <span class='ocrx_word' id='word_1_167' title='bbox 955 2342 1038 2401; x_wconf 89' lang='lat' dir='ltr'>voltu</span> <span class='ocrx_word' id='word_1_168' title='bbox 1056 2338 1207 2398; x_wconf 86' lang='lat' dir='ltr'>audientis</span> <span class='ocrx_word' id='word_1_169' title='bbox 1224 2354 1293 2411; x_wconf 83' lang='lat' dir='ltr'>pen·</span> 
     </span>
     <span class='ocr_line' id='line_1_25' title="bbox 269 2422 1294 2496; baseline -0.002 -15"><span class='ocrx_word' id='word_1_170' title='bbox 269 2422 433 2491; x_wconf 78' lang='lat' dir='ltr'>-21dentia</span> <span class='ocrx_word' id='word_1_171' title='bbox 469 2423 573 2496; x_wconf 89' lang='lat' dir='ltr'>Longe</span> <span class='ocrx_word' id='word_1_172' title='bbox 596 2429 625 2481; x_wconf 89' lang='lat' dir='ltr'>te</span> <span class='ocrx_word' id='word_1_173' title='bbox 645 2422 683 2480; x_wconf 91' lang='lat' dir='ltr'>ab</span> <span class='ocrx_word' id='word_1_174' title='bbox 704 2424 762 2482; x_wconf 90' lang='lat' dir='ltr'>ista</span> <span class='ocrx_word' id='word_1_175' title='bbox 785 2423 942 2496; x_wconf 84' lang='lat' dir='ltr'>provincia</span> <span class='ocrx_word' id='word_1_176' title='bbox 964 2424 1129 2492; x_wconf 82' lang='lat' dir='ltr'>abducam,</span> <span class='ocrx_word' id='word_1_177' title='bbox 1151 2439 1191 2482; x_wconf 90' lang='lat' dir='ltr'>ne</span> <span class='ocrx_word' id='word_1_178' title='bbox 1222 2424 1294 2480; x_wconf 90' lang='lat' dir='ltr'>lorte</span> 
     </span>
     <span class='ocr_line' id='line_1_26' title="bbox 324 2503 1293 2581; baseline -0.002 -18"><span class='ocrx_word' id='word_1_179' title='bbox 324 2520 463 2579; x_wconf 85' lang='lat' dir='ltr'>magnam</span> <span class='ocrx_word' id='word_1_180' title='bbox 483 2506 616 2565; x_wconf 88' lang='lat' dir='ltr'>historiis</span> <span class='ocrx_word' id='word_1_181' title='bbox 638 2521 708 2564; x_wconf 90' lang='lat' dir='ltr'>esse</span> <span class='ocrx_word' id='word_1_182' title='bbox 729 2506 820 2565; x_wconf 88' lang='lat' dir='ltr'>fidem</span> <span class='ocrx_word' id='word_1_183' title='bbox 845 2509 954 2566; x_wconf 84' lang='lat' dir='ltr'>credas</span> <span class='ocrx_word' id='word_1_184' title='bbox 977 2514 1006 2566; x_wconf 91' lang='lat' dir='ltr'>el</span> <span class='ocrx_word' id='word_1_185' title='bbox 1021 2508 1142 2581; x_wconf 80' lang='lat' dir='ltr'>placere</span> <span class='ocrx_word' id='word_1_186' title='bbox 1155 2506 1208 2565; x_wconf 91' lang='lat' dir='ltr'>tibi</span> <span class='ocrx_word' id='word_1_187' title='bbox 1223 2503 1293 2563; x_wconf 90' lang='lat' dir='ltr'>inci-</span> 
     </span>
     <span class='ocr_line' id='line_1_27' title="bbox 324 2588 1295 2665; baseline -0.002 -18"><span class='ocrx_word' id='word_1_188' title='bbox 324 2588 407 2662; x_wconf 60' lang='lat' dir='ltr'>piam,</span> <span class='ocrx_word' id='word_1_189' title='bbox 426 2590 567 2663; x_wconf 86' lang='lat' dir='ltr'>quotiens</span> <span class='ocrx_word' id='word_1_190' title='bbox 584 2588 780 2663; x_wconf 79' lang='lat' dir='ltr'>cogitaveris:</span> <span class='ocrx_word' id='word_1_191' title='bbox 802 2591 879 2649; x_wconf 88' lang='lat' dir='ltr'>hane</span> <span class='ocrx_word' id='word_1_192' title='bbox 894 2606 950 2665; x_wconf 88' lang='lat' dir='ltr'>ego</span> <span class='ocrx_word' id='word_1_193' title='bbox 963 2590 1061 2649; x_wconf 87' lang='lat' dir='ltr'>habeo</span> <span class='ocrx_word' id='word_1_194' title='bbox 1074 2588 1132 2648; x_wconf 91' lang='lat' dir='ltr'>sub</span> <span class='ocrx_word' id='word_1_195' title='bbox 1147 2605 1216 2649; x_wconf 90' lang='lat' dir='ltr'>meo</span> <span class='ocrx_word' id='word_1_196' title='bbox 1233 2589 1295 2646; x_wconf 89' lang='lat' dir='ltr'>iure</span> 
     </span>
     <span class='ocr_line' id='line_1_28' title="bbox 323 2672 1295 2747; baseline -0.001 -17"><span class='ocrx_word' id='word_1_197' title='bbox 323 2673 527 2745; x_wconf 85' lang='lat' dir='ltr'>provinciam,</span> <span class='ocrx_word' id='word_1_198' title='bbox 548 2688 627 2747; x_wconf 88' lang='lat' dir='ltr'>quae</span> <span class='ocrx_word' id='word_1_199' title='bbox 642 2672 839 2731; x_wconf 84' lang='lat' dir='ltr'>maximarum</span> <span class='ocrx_word' id='word_1_200' title='bbox 860 2675 978 2734; x_wconf 90' lang='lat' dir='ltr'>urbium</span> <span class='ocrx_word' id='word_1_201' title='bbox 995 2674 1146 2732; x_wconf 86' lang='lat' dir='ltr'>exercitus</span> <span class='ocrx_word' id='word_1_202' title='bbox 1163 2681 1194 2731; x_wconf 88' lang='lat' dir='ltr'>et</span> <span class='ocrx_word' id='word_1_203' title='bbox 1207 2672 1295 2730; x_wconf 90' lang='lat' dir='ltr'>susti·</span> 
     </span>
     <span class='ocr_line' id='line_1_29' title="bbox 324 2755 1294 2829; baseline -0.001 -15"><span class='ocrx_word' id='word_1_204' title='bbox 324 2756 387 2814; x_wconf 87' lang='lat' dir='ltr'>nuit</span> <span class='ocrx_word' id='word_1_205' title='bbox 408 2755 558 2829; x_wconf 79' lang='lat' dir='ltr'>etfregit,</span> <span class='ocrx_word' id='word_1_206' title='bbox 583 2771 651 2814; x_wconf 90' lang='lat' dir='ltr'>eum</span> <span class='ocrx_word' id='word_1_207' title='bbox 672 2758 749 2815; x_wconf 90' lang='lat' dir='ltr'>inter</span> <span class='ocrx_word' id='word_1_208' title='bbox 768 2757 977 2829; x_wconf 80' lang='lat' dir='ltr'>Carthaginem</span> <span class='ocrx_word' id='word_1_209' title='bbox 1001 2765 1030 2816; x_wconf 94' lang='lat' dir='ltr'>et</span> <span class='ocrx_word' id='word_1_210' title='bbox 1044 2758 1173 2816; x_wconf 86' lang='lat' dir='ltr'>Romam</span> <span class='ocrx_word' id='word_1_211' title='bbox 1193 2757 1294 2827; x_wconf 89' lang='lat' dir='ltr'>ingen·</span> 
     </span>
     <span class='ocr_line' id='line_1_30' title="bbox 325 2836 1295 2913; baseline -0.001 -18"><span class='ocrx_word' id='word_1_212' title='bbox 325 2838 362 2896; x_wconf 87' lang='lat' dir='ltr'>tis</span> <span class='ocrx_word' id='word_1_213' title='bbox 377 2838 447 2896; x_wconf 90' lang='lat' dir='ltr'>belli</span> <span class='ocrx_word' id='word_1_214' title='bbox 465 2839 592 2911; x_wconf 81' lang='lat' dir='ltr'>pretium</span> <span class='ocrx_word' id='word_1_215' title='bbox 608 2840 713 2910; x_wconf 86' lang='lat' dir='ltr'>iacuit,</span> <span class='ocrx_word' id='word_1_216' title='bbox 737 2857 804 2899; x_wconf 94' lang='lat' dir='ltr'>curn</span> <span class='ocrx_word' id='word_1_217' title='bbox 820 2847 950 2913; x_wconf 78' lang='lat' dir='ltr'>quatuor</span> <span class='ocrx_word' id='word_1_218' title='bbox 964 2841 1170 2898; x_wconf 86' lang='lat' dir='ltr'>Romanorum</span> <span class='ocrx_word' id='word_1_219' title='bbox 1187 2836 1295 2912; x_wconf 82' lang='lat' dir='ltr'>princi-</span> 
     </span>
     <span class='ocr_line' id='line_1_31' title="bbox 326 2920 1296 2994; baseline 0.001 -16"><span class='ocrx_word' id='word_1_220' title='bbox 326 2935 411 2992; x_wconf 84' lang='lat' dir='ltr'>pum,</span> <span class='ocrx_word' id='word_1_221' title='bbox 434 2920 464 2977; x_wconf 91' lang='lat' dir='ltr'>id</span> <span class='ocrx_word' id='word_1_222' title='bbox 486 2929 532 2980; x_wconf 87' lang='lat' dir='ltr'>est</span> <span class='ocrx_word' id='word_1_223' title='bbox 553 2922 644 2979; x_wconf 86' lang='lat' dir='ltr'>totius</span> <span class='ocrx_word' id='word_1_224' title='bbox 665 2922 782 2994; x_wconf 86' lang='lat' dir='ltr'>imperii</span> <span class='ocrx_word' id='word_1_225' title='bbox 805 2922 886 2981; x_wconf 88' lang='lat' dir='ltr'>vires</span> <span class='ocrx_word' id='word_1_226' title='bbox 907 2931 1078 2982; x_wconf 86' lang='lat' dir='ltr'>contractas</span> <span class='ocrx_word' id='word_1_227' title='bbox 1099 2922 1237 2979; x_wconf 91' lang='lat' dir='ltr'>inunum</span> <span class='ocrx_word' id='word_1_228' title='bbox 1254 2920 1296 2979; x_wconf 94' lang='lat' dir='ltr'>lo-</span> 
     </span>
     <span class='ocr_line' id='line_1_32' title="bbox 325 3000 1296 3079; baseline 0 -19"><span class='ocrx_word' id='word_1_229' title='bbox 325 3016 393 3061; x_wconf 91' lang='lat' dir='ltr'>cum</span> <span class='ocrx_word' id='word_1_230' title='bbox 418 3000 493 3061; x_wconf 87' lang='lat' dir='ltr'>vidit</span> <span class='ocrx_word' id='word_1_231' title='bbox 517 3006 669 3077; x_wconf 81' lang='lat' dir='ltr'>altamque</span> <span class='ocrx_word' id='word_1_232' title='bbox 689 3004 825 3079; x_wconf 80' lang='lat' dir='ltr'>Pompeii</span> <span class='ocrx_word' id='word_1_233' title='bbox 850 3008 999 3065; x_wconf 80' lang='lat' dir='ltr'>fortunam</span> <span class='ocrx_word' id='word_1_234' title='bbox 1024 3006 1135 3077; x_wconf 85' lang='lat' dir='ltr'>erexit,</span> <span class='ocrx_word' id='word_1_235' title='bbox 1158 3002 1296 3063; x_wconf 82' lang='lat' dir='ltr'>Caesaris</span> 
     </span>
     <span class='ocr_line' id='line_1_33' title="bbox 283 3084 1296 3163; baseline -0.006 -14"><span class='ocrx_word' id='word_1_236' title='bbox 283 3084 473 3158; x_wconf 63' lang='lat' dir='ltr'>seiungunt,</span> <span class='ocrx_word' id='word_1_237' title='bbox 500 3085 609 3161; x_wconf 81' lang='lat' dir='ltr'>Lepidi</span> <span class='ocrx_word' id='word_1_238' title='bbox 635 3090 799 3159; x_wconf 86' lang='lat' dir='ltr'>transtulit,</span> <span class='ocrx_word' id='word_1_239' title='bbox 823 3089 955 3149; x_wconf 93' lang='lat' dir='ltr'>omnium</span> <span class='ocrx_word' id='word_1_240' title='bbox 978 3090 1067 3163; x_wconf 88' lang='lat' dir='ltr'>cepit.</span> <span class='ocrx_word' id='word_1_241' title='bbox 1099 3103 1179 3163; x_wconf 84' lang='lat' dir='ltr'>quac</span> <span class='ocrx_word' id='word_1_242' title='bbox 1196 3088 1237 3145; x_wconf 92' lang='lat' dir='ltr'>illi</span> <span class='ocrx_word' id='word_1_243' title='bbox 1255 3086 1296 3143; x_wconf 89' lang='lat' dir='ltr'>in·</span> 
     </span>
     <span class='ocr_line' id='line_1_34' title="bbox 324 3168 1297 3247; baseline 0 -20"><span class='ocrx_word' id='word_1_244' title='bbox 324 3168 404 3241; x_wconf 91' lang='lat' dir='ltr'>genti</span> <span class='ocrx_word' id='word_1_245' title='bbox 419 3172 595 3242; x_wconf 88' lang='lat' dir='ltr'>spectaculo</span> <span class='ocrx_word' id='word_1_246' title='bbox 610 3170 757 3245; x_wconf 81' lang='lat' dir='ltr'>interfuit,</span> <span class='ocrx_word' id='word_1_247' title='bbox 772 3189 811 3231; x_wconf 87' lang='lat' dir='ltr'>ex</span> <span class='ocrx_word' id='word_1_248' title='bbox 826 3171 887 3246; x_wconf 87' lang='lat' dir='ltr'>quo</span> <span class='ocrx_word' id='word_1_249' title='bbox 903 3174 1019 3247; x_wconf 88' lang='lat' dir='ltr'>liquere</span> <span class='ocrx_word' id='word_1_250' title='bbox 1033 3171 1210 3231; x_wconf 83' lang='lat' dir='ltr'>mortalibus</span> <span class='ocrx_word' id='word_1_251' title='bbox 1228 3186 1297 3243; x_wconf 79' lang='lat' dir='ltr'>pos·</span> 
     </span>
     <span class='ocr_line' id='line_1_35' title="bbox 324 3255 1296 3329; baseline 0 -19"><span class='ocrx_word' id='word_1_252' title='bbox 324 3258 385 3323; x_wconf 89' lang='lat' dir='ltr'>set,</span> <span class='ocrx_word' id='word_1_253' title='bbox 403 3268 493 3325; x_wconf 84' lang='lat' dir='ltr'>quam</span> <span class='ocrx_word' id='word_1_254' title='bbox 510 3256 598 3313; x_wconf 83' lang='lat' dir='ltr'>velox</span> <span class='ocrx_word' id='word_1_255' title='bbox 614 3255 691 3313; x_wconf 90' lang='lat' dir='ltr'>loret</span> <span class='ocrx_word' id='word_1_256' title='bbox 705 3255 745 3313; x_wconf 89' lang='lat' dir='ltr'>ad</span> <span class='ocrx_word' id='word_1_257' title='bbox 760 3256 851 3314; x_wconf 92' lang='lat' dir='ltr'>imum</span> <span class='ocrx_word' id='word_1_258' title='bbox 867 3256 973 3329; x_wconf 81' lang='lat' dir='ltr'>lapsus</span> <span class='ocrx_word' id='word_1_259' title='bbox 988 3271 1026 3314; x_wconf 89' lang='lat' dir='ltr'>ex</span> <span class='ocrx_word' id='word_1_260' title='bbox 1042 3271 1176 3327; x_wconf 92' lang='lat' dir='ltr'>summo,</span> <span class='ocrx_word' id='word_1_261' title='bbox 1192 3269 1296 3327; x_wconf 84' lang='lat' dir='ltr'>quani·</span> 
     </span>
     <span class='ocr_line' id='line_1_36' title="bbox 325 3336 1297 3411; baseline 0.004 -19"><span class='ocrx_word' id='word_1_262' title='bbox 325 3350 386 3406; x_wconf 86' lang='lat' dir='ltr'>que</span> <span class='ocrx_word' id='word_1_263' title='bbox 407 3336 529 3403; x_wconf 84' lang='lat' dir='ltr'>diversa</span> <span class='ocrx_word' id='word_1_264' title='bbox 551 3338 599 3395; x_wconf 86' lang='lat' dir='ltr'>via</span> <span class='ocrx_word' id='word_1_265' title='bbox 620 3354 760 3411; x_wconf 87' lang='lat' dir='ltr'>magnam</span> <span class='ocrx_word' id='word_1_266' title='bbox 782 3337 946 3411; x_wconf 86' lang='lat' dir='ltr'>potentiam</span> <span class='ocrx_word' id='word_1_267' title='bbox 969 3340 1087 3399; x_wconf 82' lang='lat' dir='ltr'>lortuna</span> <span class='ocrx_word' id='word_1_268' title='bbox 1109 3339 1297 3398; x_wconf 86' lang='lat' dir='ltr'>destrueret:</span> 
     </span>
     <span class='ocr_line' id='line_1_37' title="bbox 324 3419 1298 3496; baseline 0.002 -21"><span class='ocrx_word' id='word_1_269' title='bbox 324 3433 386 3476; x_wconf 91' lang='lat' dir='ltr'>uno</span> <span class='ocrx_word' id='word_1_270' title='bbox 409 3419 488 3476; x_wconf 92' lang='lat' dir='ltr'>enim</span> <span class='ocrx_word' id='word_1_271' title='bbox 510 3426 646 3493; x_wconf 84' lang='lat' dir='ltr'>tempore</span> <span class='ocrx_word' id='word_1_272' title='bbox 667 3421 741 3479; x_wconf 88' lang='lat' dir='ltr'>vidit</span> <span class='ocrx_word' id='word_1_273' title='bbox 755 3421 931 3495; x_wconf 88' lang='lat' dir='ltr'>Pompeium</span> <span class='ocrx_word' id='word_1_274' title='bbox 945 3422 1156 3496; x_wconf 85' lang='lat' dir='ltr'>Lepidumque</span> <span class='ocrx_word' id='word_1_275' title='bbox 1177 3436 1216 3480; x_wconf 86' lang='lat' dir='ltr'>ex</span> <span class='ocrx_word' id='word_1_276' title='bbox 1237 3436 1298 3477; x_wconf 87' lang='lat' dir='ltr'>ma·</span> 
     </span>
     <span class='ocr_line' id='line_1_38' title="bbox 325 3499 1298 3578; baseline 0.005 -21"><span class='ocrx_word' id='word_1_277' title='bbox 325 3499 409 3557; x_wconf 89' lang='lat' dir='ltr'>ximo</span> <span class='ocrx_word' id='word_1_278' title='bbox 431 3502 551 3573; x_wconf 89' lang='lat' dir='ltr'>lastigie</span> <span class='ocrx_word' id='word_1_279' title='bbox 573 3502 659 3561; x_wconf 84' lang='lat' dir='ltr'>aliter</span> <span class='ocrx_word' id='word_1_280' title='bbox 676 3504 824 3578; x_wconf 86' lang='lat' dir='ltr'>aliterque</span> <span class='ocrx_word' id='word_1_281' title='bbox 847 3505 886 3563; x_wconf 87' lang='lat' dir='ltr'>ad</span> <span class='ocrx_word' id='word_1_282' title='bbox 901 3512 1036 3564; x_wconf 83' lang='lat' dir='ltr'>extrema</span> <span class='ocrx_word' id='word_1_283' title='bbox 1057 3505 1211 3575; x_wconf 89' lang='lat' dir='ltr'>deiectos,</span> <span class='ocrx_word' id='word_1_284' title='bbox 1231 3519 1298 3563; x_wconf 92' lang='lat' dir='ltr'>cum</span> 
     </span>
     <span class='ocr_line' id='line_1_39' title="bbox 325 3580 1237 3664; baseline 0.004 -24"><span class='ocrx_word' id='word_1_285' title='bbox 325 3580 489 3657; x_wconf 86' lang='lat' dir='ltr'>Pompeius</span> <span class='ocrx_word' id='word_1_286' title='bbox 505 3585 634 3643; x_wconf 88' lang='lat' dir='ltr'>alienum</span> <span class='ocrx_word' id='word_1_287' title='bbox 651 3587 816 3647; x_wconf 86' lang='lat' dir='ltr'>exercitum</span> <span class='ocrx_word' id='word_1_288' title='bbox 833 3588 964 3661; x_wconf 88' lang='lat' dir='ltr'>lugeret,</span> <span class='ocrx_word' id='word_1_289' title='bbox 984 3589 1120 3664; x_wconf 88' lang='lat' dir='ltr'>Lepidus</span> <span class='ocrx_word' id='word_1_290' title='bbox 1136 3603 1237 3647; x_wconf 89' lang='lat' dir='ltr'>suum.</span> 
     </span>
     <span class='ocr_line' id='line_1_40' title="bbox 296 3666 1298 3753; baseline 0.008 -32"><span class='ocrx_word' id='word_1_291' title='bbox 296 3672 310 3721; x_wconf 91' lang='lat'>1</span> <span class='ocrx_word' id='word_1_292' title='bbox 388 3666 410 3723; x_wconf 93' lang='lat' dir='ltr'>l.</span> <span class='ocrx_word' id='word_1_293' title='bbox 433 3667 553 3741; x_wconf 83' lang='lat' dir='ltr'>ltaque,</span> <span class='ocrx_word' id='word_1_294' title='bbox 568 3677 600 3727; x_wconf 91' lang='lat' dir='ltr'>ut</span> <span class='ocrx_word' id='word_1_295' title='bbox 615 3675 708 3729; x_wconf 90' lang='lat' dir='ltr'>totum</span> <span class='ocrx_word' id='word_1_296' title='bbox 724 3679 754 3731; x_wconf 93' lang='lat' dir='ltr'>te</span> <span class='ocrx_word' id='word_1_297' title='bbox 771 3671 847 3753; x_wconf 67' lang='lat' dir='ltr'>inde,</span> <span class='ocrx_word' id='word_1_298' title='bbox 862 3670 1027 3746; x_wconf 85' lang='lat' dir='ltr'>abducam,</span> <span class='ocrx_word' id='word_1_299' title='bbox 1050 3670 1190 3747; x_wconf 82' lang='lat' dir='ltr'>quamvis</span> <span class='ocrx_word' id='word_1_300' title='bbox 1206 3672 1298 3730; x_wconf 85' lang='lat' dir='ltr'>multa</span> 
     </span>
    </p>
   </div>
   <div class='ocr_carea' id='block_1_4' title="bbox 0 0 1485 4384">
    <p class='ocr_par' dir='ltr' id='par_1_4' title="bbox 0 0 1485 4384">
     <span class='ocr_line' id='line_1_41' title="bbox 0 0 1485 4384; baseline 0 0"><span class='ocrx_word' id='word_1_301' title='bbox 0 0 1485 4384; x_wconf 95' lang='lat' dir='ltr'> </span> 
     </span>
    </p>
   </div>
  </div>
 </body>
</html>
