2942 4384
413 372 465 433 un
485 370 698 449 ennarrans
719 370 963 450 trata-10.
1154 368 1175 432 a

147 532 160 587 t
213 524 290 607 tur],
309 522 661 601 prospiciendum*
684 524 1050 585 Callidusnondilficilem
1061 525 1174 585 aditum

148 632 160 670 a
212 611 344 683 praebuit
364 610 517 669 inmodica
532 607 723 683 cupientibus
739 624 875 682 spesque
890 609 1036 682 inprobas
1051 610 1125 667 nihil
1141 624 1176 667 re

147 714 157 751 1
212 694 362 753 adiuturus
375 691 478 750 verbis
491 693 582 750 luvet.
611 693 652 750 At
664 692 764 764 peior,
781 691 906 765 opinor,
922 693 947 750 si
959 690 1062 764 lingua
1074 707 1174 765 asper,

212 778 287 835 voltu
303 775 408 848 gravis
424 791 491 833 eum
507 775 620 832 invidia
635 776 785 833 loctunam
798 791 883 833 suam
896 775 1049 847 explicuit.
1074 777 1176 833 colunt

147 865 157 917 ζ-
212 859 282 917 enim
305 859 555 931 detestanturque
576 857 693 915 lelicem
709 864 754 928 et,
777 858 803 915 si
819 859 986 931 potuerint,
1009 858 1117 916 eadem
1132 860 1174 915 l-

147 959 156 999 t
212 942 288 1013 clari,
306 942 401 1000 odere
413 941 580 998 facientem.
590 939 641 975 ***
662 940 847 1012 Coniugibus
859 942 966 1000 alienis
979 943 1102 999 neelam
1111 942 1173 1014 qui·
1186 948 1204 1002 3

153 1030 155 1034 ’
211 1024 286 1098 dem,
303 1025 360 1083 sed
372 1032 476 1097 aperte
489 1023 618 1081 ludibrio
631 1022 721 1081 aditis
734 1039 808 1081 suas
820 1025 887 1082 aliis
905 1026 1080 1098 permisere.
1113 1025 1175 1083 Ru·

147 1127 155 1163 t
211 1108 314 1178 stieuS,
338 1107 521 1165 inhumanus
542 1122 578 1164 ac
598 1106 669 1165 mali
691 1106 784 1165 moris
800 1114 830 1165 et
843 1108 919 1166 inter
933 1116 1087 1167 matronas
1102 1107 1192 1166 abo<

148 1209 156 1246 r
210 1190 348 1249 minanda
369 1190 508 1248 condicio
531 1195 592 1262 est,
613 1190 640 1247 si
662 1190 731 1263 quis
755 1191 914 1263 coniugem
935 1207 1030 1258 suam.
1047 1191 1078 1248 in
1101 1191 1177 1249 sella

147 1283 155 1328 t
209 1282 347 1346 prostare
366 1274 503 1332 vetuitet
516 1274 607 1345 volgo
623 1272 766 1331 admissis
782 1272 1007 1347 inspectoribus
1023 1273 1092 1330 vehi
1109 1289 1174 1345 per-

147 1372 154 1411 e
210 1357 343 1430 spicuam
362 1357 507 1430 undique.
543 1354 575 1413 Si
597 1356 665 1428 quis
685 1357 767 1413 nulla
781 1371 815 1413 se
831 1357 927 1414 amica
942 1356 1012 1413 lecit
1025 1356 1204 1428 insigneml

147 1468 152 1475 ·
209 1455 259 1499 nec
272 1439 391 1498 alienae
406 1440 494 1498 uxori
510 1455 640 1497 annuum
657 1446 803 1512 praestat,
820 1438 900 1498 huric
912 1446 1067 1497 matronae
1079 1438 1174 1497 humi·

147 1605 148 1611 ’
208 1604 452 1664 decentissimum
469 1605 694 1679 sponsaliorum
710 1621 807 1679 genus
823 1614 870 1665 est
884 1606 1072 1664 adulterium.
1101 1612 1130 1663 et
1144 1605 1174 1662 in

207 1702 361 1749 consensu
380 1688 464 1746 vidui
486 1689 652 1747 caelibatus
674 1704 764 1747 nemo
786 1705 911 1747 uxorem
927 1689 1026 1758 duxit,
1049 1686 1108 1746 nisi
1124 1688 1175 1761 qui

205 1772 340 1831 abduxit.
376 1771 437 1828 lam
451 1779 538 1845 rapta
553 1766 713 1845 spargere,
736 1788 845 1845 sparsa
856 1776 924 1832 acri
938 1773 1064 1831 avaritia
1077 1774 1161 1830 recol

204 1855 297 1928 ligere
305 1862 429 1913 certant.
442 1854 513 1912 nilril
523 1854 740 1929 pensihabere‚
750 1863 958 1929 paupertatem
966 1855 1094 1913 alienam
1102 1870 1174 1913 eon·-

147 1977 149 1998 .
204 1947 351 2009 temnere,
368 1953 454 1996 suam
467 1942 556 2012 [plus]
569 1954 658 2012 quam
671 1940 765 1996 ullum
778 1939 859 1996 aliud
871 1938 970 1996 vereri
981 1938 1100 1995 malum.
1122 1954 1174 2010 pa·

202 2036 269 2080 cem
279 2020 398 2080 iniuriis
411 2022 598 2094 perturbare.
621 2020 824 2080 inbecilliores
838 2024 866 2078 vi
880 2035 915 2078 ae
926 2026 1006 2078 metu
1019 2034 1174 2093 premere:

200 2119 273 2162 nam
297 2105 472 2178 provincias
499 2104 623 2180 spoliari
648 2113 677 2163 et
699 2104 897 2163 nummarium
920 2102 1051 2164 tribuual
1073 2102 1176 2161 audita

199 2188 353 2260 utrimque
379 2188 542 2246 licitatione
567 2186 653 2245 alteri
675 2188 776 2245 addici
797 2204 858 2247 non
880 2187 1003 2261 mirum,
1030 2186 1174 2261 quoniam

147 2263 158 2284 ’
201 2285 284 2346 quae
298 2271 408 2329 emeris
422 2271 556 2329 vendere
572 2270 704 2344 gentium
722 2271 770 2329 ius
786 2279 841 2330 est.
1053 2323 1063 2335 .

158 2403 164 2411 .
263 2353 301 2411 Χ.
318 2352 379 2411 Sed
392 2354 512 2426 longius
525 2369 581 2412 nos
594 2354 715 2427 inpetus
728 2354 829 2414 evehit
841 2362 1027 2428 provocante
1039 2352 1174 2411 materia.
1188 2367 1201 2418 1

200 2437 307 2510 itaque
321 2437 365 2494 sie
381 2437 536 2507 liniamuS,
562 2452 601 2495 ne
623 2439 651 2494 in
675 2445 781 2497 nostro
795 2440 900 2497 seculo
916 2440 1006 2511 culpa
1025 2436 1173 2495 subsidat.

199 2521 269 2578 Hoc
290 2520 421 2578 maiores
441 2520 536 2579 nostri
553 2520 651 2593 questi
667 2529 753 2593 sunt,
776 2521 835 2580 hoe
850 2538 906 2580 nos
924 2520 1091 2595 querimur,
1115 2519 1175 2577 hoe
1232 2561 1234 2565 .

201 2600 319 2676 posteri
334 2604 430 2661 nostri
445 2610 623 2678 querentur,
647 2620 774 2663 eversos
790 2620 905 2674 mores,
927 2617 1057 2675 regnare
1068 2602 1174 2674 nequi-

201 2684 290 2756 tiam,
312 2684 342 2743 in
358 2687 491 2745 deterius
506 2702 556 2744 res
571 2686 718 2745 humanas
735 2694 765 2745 et
779 2701 867 2743 omne
879 2686 966 2744 nefas
979 2684 1053 2743 labi:
1076 2689 1106 2740 at
1117 2684 1176 2741 ista

202 2769 312 2827 eodem
328 2767 489 2829 slant'loco
506 2769 705 2845 dabuntque,
726 2772 849 2844 paulum
865 2771 1019 2828 dumtaxat
1033 2770 1110 2827 ultra
1124 2775 1176 2828 aut

203 2851 279 2910 citra
298 2861 394 2926 mota,
416 2860 447 2911 ut
468 2852 578 2911 fluctus
596 2870 674 2927 quus
698 2860 801 2913 aestus
818 2855 969 2912 accedens
985 2851 1105 2927 longius
1121 2868 1173 2911 ex-

203 2935 283 3007 tulit,
309 2936 460 2994 recedens
483 2936 625 2995 interiore
649 2922 769 2996 litorum
794 2938 924 3011 vestigio
950 2937 1054 2996 tenuit.
1088 2936 1202 2995 Norici

204 3017 233 3075 in
254 3018 402 3077 adulteria
421 3020 518 3092 magis
540 3036 630 3093 quam
647 3022 675 3078 in
692 3021 751 3079 alia
765 3022 940 3093 peccabitur
955 3020 1174 3093 abrumpetque
1213 3016 1226 3021 ”

205 3100 306 3160 lrenos
328 3102 483 3175 pudicitia.
511 3119 592 3161 nune
614 3104 824 3163 conviviorum
840 3104 951 3177 vigebit
967 3104 1051 3161 luror
1066 3110 1095 3159 et
1109 3104 1173 3161 loe

207 3182 362 3243 dissimum
383 3186 632 3259 patrimoniorum
654 3187 794 3259 exitium,
823 3187 932 3245 culina.
972 3199 1051 3243 nune
1074 3186 1173 3242 cultus

208 3280 367 3341 corporum
382 3269 492 3328 nimius
508 3276 538 3328 et
554 3272 667 3340 lormae
683 3286 757 3329 cura
773 3286 845 3343 prae
859 3285 892 3327 se
905 3270 1006 3327 ferens
1019 3268 1109 3325 animi
1122 3267 1174 3324 de-

208 3350 394 3411 formitatem.
429 3368 509 3411 nune
534 3353 563 3410 in
588 3354 783 3427 petulantiam
807 3350 837 3411 et
855 3352 1012 3410 audaciam
1036 3358 1175 3422 erumpet
1248 3413 1250 3416 ,
1281 3365 1285 3369 “

209 3434 280 3493 male
300 3435 480 3509 dispensata
500 3435 632 3495 libertas.
660 3453 741 3496 nunc
759 3436 788 3494 in
805 3435 1011 3494 crudelitatem
1028 3435 1174 3507 privatam

210 3529 241 3574 ae
260 3518 412 3591 publicam
433 3518 523 3578 ibitur
543 3520 755 3593 bellorumque
777 3520 907 3577 civilium
930 3518 1090 3587 insaniam,
1113 3532 1175 3590 qua

212 3612 293 3662 omne
304 3611 443 3662 sanctum
455 3618 491 3661 ac
503 3618 623 3664 sacrum
634 3604 820 3677 profanetur.
838 3602 997 3661 habebitur
1007 3600 1174 3675 aliquando
