2942 4384
315 448 378 512 244
592 447 625 507 L.
647 446 794 506 ANNAEl
817 444 991 505 SENECAE

282 609 298 660 5
313 598 489 676 spectaculo
502 602 599 659 locus.
614 598 658 657 lbi
671 612 725 671 per
739 597 850 655 arduas
863 596 1048 671 excisasque
1061 592 1199 671 pluribus
1211 596 1288 658 locis

313 701 407 760 rupes
419 684 504 743 Nilus
517 681 653 754 exsurgit
664 689 693 739 et
707 680 788 739 vires
801 696 873 739 suas
886 681 1025 739 concitat.
1049 681 1196 754 frangitur
1208 682 1287 740 enim

316 767 547 829 occurrentibus
558 766 642 824 saxis
655 770 685 822 et
697 779 751 837 per
761 771 890 837 angusta
904 765 1084 835 reluctatus,
1100 763 1290 845 ubicumque

314 851 407 911 vincit
422 858 473 908 aut
483 849 626 919 vincitur,
641 846 767 906 fluctuat
778 851 808 904 et
821 846 880 904 illic
893 846 1021 919 primum
1035 848 1175 905 excitatis
1187 848 1288 921 aquis,

316 951 393 1009 quas
409 935 474 991 sine
486 933 613 990 tumultu
629 930 687 988 leni
702 931 789 988 alveo
806 929 947 1001 duxerat,
963 930 1114 989 violentus
1126 937 1157 989 et
1169 939 1288 990 torrens

316 1034 370 1091 per
385 1017 534 1087 malignos
557 1015 700 1073 transitus
718 1013 836 1087 prosilit
850 1012 1005 1070 dissimilis
1021 1012 1094 1070 sibi:
1115 1014 1233 1088 quippe
1247 1015 1287 1073 ad

314 1102 346 1159 id
360 1102 478 1158 lutosus
500 1106 530 1156 et
544 1097 681 1155 turbidus
697 1096 777 1155 fluit:
803 1104 833 1154 at
849 1096 899 1154 ubi
914 1100 1060 1168 scopulos
1072 1097 1205 1155 cautium
1220 1113 1287 1155 ver·
1302 1120 1306 1128 ·

314 1182 444 1255 beravit,
467 1187 588 1254 spumat
602 1186 631 1239 et
646 1181 686 1238 illi
704 1196 763 1238 non
780 1194 819 1236 ex
833 1186 939 1237 natura
953 1194 1024 1249 sua,
1046 1180 1102 1237 sed
1124 1196 1163 1238 ex
1178 1180 1289 1238 iniuria

316 1267 375 1324 loci
396 1266 480 1324 color
501 1272 556 1322 est.
586 1264 768 1336 tandemque
788 1264 936 1321 eluctatus
959 1261 1109 1321 obstantia
1124 1263 1153 1320 in
1169 1270 1287 1321 vastam

316 1348 502 1407 altitudinem
523 1346 621 1405 subito
646 1346 805 1405 destitutus
822 1346 902 1403 cadit
917 1361 984 1403 curn
1000 1345 1112 1417 ingenti
1129 1345 1287 1405 circumia-

317 1432 445 1490 centium
471 1430 628 1502 regionum
653 1428 790 1503 strepitu.
825 1443 914 1501 quem
942 1429 1077 1500 perterre
1102 1444 1179 1501 gens
1206 1429 1286 1487 ibia

315 1515 415 1573 Persis
437 1514 585 1573 collocata
603 1529 663 1571 non
680 1513 776 1587 potuit
791 1512 909 1570 obtusis
925 1512 1055 1572 adsiduo
1072 1514 1194 1585 fragore
1209 1512 1286 1570 auri-

315 1598 373 1657 bus
399 1604 428 1655 et
453 1597 492 1655 ob
517 1595 575 1655 hoe
602 1599 751 1667 [mutatis]
774 1595 900 1653 sedibus
919 1595 957 1653 ad
979 1594 1128 1668 quietiora
1150 1595 1287 1654 translati

284 1703 301 1755 6
318 1687 396 1739 sunt.
419 1680 499 1738 lnter
513 1678 659 1736 miracula
673 1677 809 1737 lluminis
827 1677 1033 1736 incredibilem
1048 1678 1217 1737 incolarum
1233 1695 1284 1737 au·

317 1764 435 1822 daciam
457 1761 575 1835 aecepir
597 1762 659 1819 bini
682 1763 809 1835 parvula
828 1761 947 1833 navigia
963 1760 1188 1835 conscendunt,
1212 1778 1286 1836 quo-

316 1862 382 1904 rum
396 1846 471 1902 alter
482 1859 590 1903 navem
600 1845 690 1917 regit,
705 1847 780 1903 alter
792 1844 939 1903 exhaurit.
952 1844 1062 1903 deinde
1073 1846 1200 1904 multum
1212 1846 1288 1904 inter

316 1928 454 2001 rapidam
475 1927 622 1987 insaniam
642 1929 698 1986 Nili
718 1934 748 1986 et
767 1929 944 2001 reciprocos
966 1927 1088 2002 quidem
1105 1928 1217 1987 lluctus
1233 1944 1285 1989 vo-

316 2012 399 2070 lutati
420 2012 542 2069 tandem
561 2011 757 2070 tenuissimos
778 2012 900 2069 canales
920 2017 1037 2075 tenent,
1060 2027 1115 2085 per
1135 2028 1215 2084 quos
1235 2028 1286 2071 an-

317 2102 406 2167 gusta
421 2094 542 2168 rupium
557 2093 716 2167 effugiunt,
739 2101 770 2153 et
788 2109 856 2152 oum
872 2101 935 2154 toto
956 2092 1082 2153 flumine
1098 2092 1188 2154 effusi
1203 2095 1287 2153 nari·

316 2178 398 2250 glum
412 2193 504 2235 ruens
520 2193 609 2235 manu
624 2184 792 2253 temperant
806 2193 977 2250 magnoque
989 2177 1191 2250 spectantium
1205 2186 1289 2237 metu

317 2261 346 2318 in
363 2267 454 2334 caput
468 2260 567 2329 missi,
589 2275 656 2319 cum
672 2261 730 2319 iarn
746 2260 956 2334 adploraveris
972 2260 1178 2339 mersns[que]
1195 2269 1287 2336 atque
1306 2326 1309 2331 ,

318 2343 443 2401 obrutos
458 2349 541 2402 tanta
554 2345 633 2402 mole
649 2344 831 2414 credideris,
857 2344 946 2416 longe
961 2344 999 2402 ab
1015 2360 1068 2416 eo,
1084 2344 1113 2402 in
1130 2360 1222 2417 quern
1238 2360 1287 2403 00-
1328 2343 1330 2348 ’

317 2426 468 2497 ciderunt,
486 2425 553 2485 loco
568 2426 710 2499 navigant
725 2427 862 2486 tormenti
876 2426 968 2485 modo
984 2426 1080 2486 missi.
1109 2442 1166 2486 nec
1180 2428 1289 2501 mergit

285 2526 301 2580 7
317 2508 430 2568 cadens
446 2509 542 2580 unda,
564 2510 619 2567 sed
635 2510 734 2582 planis
750 2510 839 2583 aquis
854 2510 952 2568 tradit.
973 2509 1104 2569 Primum
1117 2510 1287 2570 incremen-

316 2598 377 2651 tum
392 2591 449 2650 Nili
465 2592 545 2649 circa
559 2591 702 2664 insulam,
725 2609 815 2666 quam
831 2592 922 2651 modo
937 2594 1039 2663 retuli,
1053 2592 1170 2664 Philas,
1186 2594 1287 2653 nasci-

316 2681 372 2733 tur.
394 2674 512 2749 Exiguo
524 2674 632 2733 abhoc
644 2676 743 2748 spatio
756 2683 841 2750 petra
853 2674 1010 2734 dividitur:
1024 2668 1168 2755 ’Ἀβατον
1180 2676 1287 2735 Graeci

315 2763 441 2830 vocant,
464 2774 520 2817 nec
535 2758 614 2816 illam
629 2758 681 2816 ulli
697 2759 754 2817 nisi
770 2759 918 2817 antistites
934 2759 1060 2817 calcant.
1090 2760 1140 2818 illa
1157 2760 1286 2833 primum

316 2856 392 2898 saxa
408 2848 527 2899 auctum
544 2840 677 2899 lluminis
693 2842 835 2901 sentiunt.
864 2840 937 2900 Post
951 2842 1081 2915 spatium
1098 2843 1211 2901 deinde
1227 2859 1286 2901 ma-

316 2937 408 2995 gnum
425 2923 485 2981 duo
502 2923 632 2981 emicant
646 2924 781 2998 scopuli:
803 2925 880 2983 Nili
896 2940 1014 2983 venas
1033 2932 1143 2984 vocant
1158 2926 1286 2996 incolae,

317 3020 356 3063 ex
379 3005 489 3077 quibus
510 3021 620 3079 magna
634 3008 703 3083 viis]
727 3008 876 3078 tunditur,
891 3024 952 3067 non
967 3014 1067 3066 tamen
1084 3016 1199 3081 quanta
1214 3024 1285 3082 ope-

315 3086 375 3146 rire
392 3088 489 3162 possit
501 3090 686 3166 Aegyptum.
713 3091 743 3148 in
763 3090 840 3148 haec
862 3106 916 3149 ora
930 3091 1040 3165 stipem
1057 3092 1238 3152 sacerdotes
1259 3098 1286 3150 et

316 3186 407 3229 aurea
422 3172 504 3231 dona
518 3173 679 3245 praelecti,
704 3189 772 3232 cum
794 3175 941 3232 sollemne
955 3174 1038 3232 venit
1052 3190 1191 3248 sacrum,
1215 3175 1283 3234 iaci·

283 3260 376 3323 sunt.
419 3254 496 3314 Hinc
524 3256 582 3314 iam
605 3257 783 3315 manifestus
811 3272 959 3317 novarum
983 3257 1092 3315 virium
1112 3258 1198 3316 Nilus
1227 3259 1283 3316 alto

316 3351 352 3395 00
378 3338 531 3410 profundo
556 3340 643 3398 alveo
664 3340 779 3412 lertur,
814 3355 853 3398 ne
876 3339 906 3398 in
931 3338 1120 3399 latitudinem
1147 3342 1282 3408 excedat

316 3419 436 3479 obiecto
461 3420 604 3480 montium
631 3438 768 3494 pressus.
812 3423 896 3482 Circa
916 3422 1079 3497 Memphim
1106 3423 1229 3483 demum
1253 3424 1284 3482 li-

315 3502 370 3559 ber
390 3510 420 3561 et
440 3519 496 3576 per
516 3505 697 3577 campestria
719 3521 815 3579 vagus
837 3506 866 3563 in
889 3507 976 3579 plura
998 3507 1145 3567 scinditur
1162 3506 1284 3567 flumina

314 3598 468 3659 manuque
495 3587 650 3645 canalibus
676 3587 778 3660 lactis,
803 3597 836 3648 ut
856 3590 894 3648 sit
915 3590 1024 3650 modus
1041 3590 1071 3648 in
1087 3591 1284 3651 derivantium

315 3673 481 3742 potestate,
503 3684 560 3744 per
579 3676 673 3729 totam
689 3671 830 3731 discurrit
844 3676 1029 3749 Aegyptum.
1063 3674 1152 3733 lnitio
1169 3671 1282 3734 diduci·
