2942 4384
422 462 473 522 DE
494 459 705 521 BENEFICIIS
727 460 846 519 LlB.ll.
866 468 999 523 ae—et.
1154 461 1197 525 33

225 621 327 673 mento
349 628 412 688 quo
433 612 585 686 obligatus
607 626 659 682 es,
681 610 707 669 si
730 610 793 682 vis,
819 623 887 668 cum
903 609 1038 684 quolibet
1052 610 1138 685 paria
1153 612 1196 670 l-

226 697 307 770 cisti,
330 697 512 771 quoniam
528 693 1195 769 quilibenterbeneliciumaccipit,

224 779 410 841 reddidit.

271 863 392 923 XXXI.
421 862 489 922 Hoc
511 876 550 919 ex
570 860 737 935 paradoxis
754 860 875 920 Stoicae
889 868 992 920 seclae
1007 860 1129 920 minime
1144 860 1195 919 mi·
1209 870 1225 922 1

223 946 335 1020 rabile,
361 953 396 1006 ut
414 960 483 1004 mea
502 945 559 1003 lert
579 944 696 1018 opinio,
719 949 771 1003 aut
785 943 961 1003 incredibile
976 952 1037 1017 est,
1060 960 1128 1004 eum
1145 946 1197 1019 qui

223 1030 359 1100 libenter,
374 1029 487 1103 accipit
506 1027 687 1086 beneficium
707 1027 891 1086 reddidisse.
927 1044 996 1085 nam
1013 1044 1080 1088 cum
1096 1029 1198 1087 omnia

224 1114 263 1173 ad
282 1114 417 1173 animum
433 1114 615 1181 reseramus,
639 1110 710 1169 lecit
725 1111 856 1185 quisque
872 1119 1015 1185 quantum
1031 1113 1136 1171 voluit.
1168 1118 1198 1171 et

224 1214 294 1259 eum
315 1196 430 1271 pietaS,
453 1195 546 1265 fideS,
570 1195 696 1265 iustitia,
722 1194 821 1253 omnis
846 1194 978 1267 denique
1002 1196 1096 1255 virtus
1119 1196 1198 1254 intre

224 1296 259 1341 se
281 1280 420 1355 perlecta
439 1279 492 1348 sit,
522 1277 639 1337 etiamsi
659 1277 700 1335 illi
721 1294 842 1336 manum
864 1293 1007 1336 exserere
1022 1296 1083 1337 non
1105 1278 1195 1352 licuit,

222 1371 330 1439 gratus
357 1377 480 1436 quoque
507 1366 608 1434 potest
632 1376 704 1419 esse
728 1360 820 1420 homo
845 1362 1008 1419 voluntate.
1051 1363 1225 1433 Quotienst

224 1446 312 1521 quod
337 1445 499 1521 proposuit
519 1444 650 1517 quisque
670 1444 883 1517 consequitur,
913 1442 994 1517 capit
1019 1444 1122 1518 operis
1148 1444 1196 1505 sui

222 1532 364 1590 fructum.
398 1528 450 1603 qui
472 1527 654 1586 beneficium
676 1528 741 1601 dat,
763 1528 836 1601 quid
853 1527 1017 1602 proponitt
1046 1528 1196 1601 prodesse

222 1616 250 1673 ei
266 1612 319 1672 cui
334 1613 386 1672 dat
399 1620 429 1672 et
440 1610 586 1684 voluptati
599 1610 656 1669 sibi
667 1626 749 1670 esse.
774 1612 799 1670 si
813 1612 895 1685 quod
908 1612 1002 1671 voluit
1014 1611 1115 1671 effecit
1127 1628 1195 1687 pcr-

221 1696 369 1770 venitque
383 1696 422 1755 ad
436 1710 485 1776 me
500 1694 618 1753 animus
633 1694 700 1753 cius
715 1709 752 1753 ae
766 1701 870 1754 mutuo
886 1694 998 1767 gaudio
1015 1695 1133 1769 adiecit,
1149 1703 1194 1755 tu-

221 1782 256 1839 lit
267 1780 353 1855 quod
368 1778 461 1853 petiit.
485 1776 637 1836 nonenim
650 1776 708 1836 sibi
720 1778 849 1837 invicem
860 1777 974 1854 aliquid
986 1778 1074 1837 reddi
1084 1780 1194 1838 voluit=

222 1871 275 1923 aut
291 1880 353 1923 non
369 1861 423 1922 luit
437 1862 634 1934 beneficium,
658 1861 714 1919 sed
729 1861 904 1936 negotiatio.
938 1861 1022 1920 Bene
1034 1863 1224 1937 navigavittl

223 1946 280 2021 qui
295 1962 386 2021 quem
402 1944 566 2004 destinavit
579 1949 698 2019 portum
714 1944 818 2004 lenuit.
841 1946 890 2003 teli
907 1946 1004 2004 iactus
1020 1954 1119 2004 certae
1132 1962 1195 2005 ma-

222 2045 282 2089 nus
303 2029 422 2105 peregit
442 2028 590 2101 cilicium,
612 2027 638 2086 si
654 2028 747 2102 petita
763 2028 923 2102 percussit.
946 2027 1128 2087 beneficium
1144 2030 1195 2103 qui

222 2114 290 2187 dat,
311 2114 376 2172 vult
397 2111 495 2185 excipi
512 2118 606 2185 grate.
634 2110 726 2170 habet
741 2112 824 2186 quod
840 2110 949 2181 voluit,
971 2111 1090 2171 sibene
1108 2127 1196 2170 acce·

221 2204 308 2271 ptum
323 2202 379 2255 est.
416 2195 478 2255 Sed
493 2194 628 2269 speravit
640 2196 833 2254 emolumenti
845 2193 975 2269 aliquid:
998 2212 1058 2254 non
1072 2194 1196 2255 luithoc

222 2280 420 2352 beneficium,
444 2279 529 2338 cuius
550 2279 707 2352 proprium
728 2287 776 2338 est
796 2278 868 2336 nillil
884 2279 922 2336 de
938 2280 1036 2338 reditu
1051 2277 1194 2353 cogitare.

222 2363 313 2437 Quod
325 2360 522 2437 accipiebam,
536 2377 574 2421 eo
587 2362 687 2420 animo
700 2362 815 2435 accepi,
828 2378 889 2435 quo
902 2362 1044 2421 dabatur:
1064 2362 1224 2424 reddidit

223 2447 357 2521 alioquin
376 2446 509 2520 pessima
524 2445 656 2519 optimae
671 2446 713 2503 rei
730 2447 869 2505 condicio
885 2453 947 2504 est:
969 2454 1002 2505 ut
1012 2454 1115 2519 gratus
1128 2446 1193 2518 sim,

222 2530 261 2589 ad
276 2531 426 2589 fortunam
440 2529 549 2589 mittor.
572 2530 599 2587 si
614 2530 664 2587 illa
679 2528 771 2589 invita
782 2530 972 2603 respondere
983 2546 1044 2589 non
1057 2546 1193 2603 possum,

223 2614 337 2673 suffieit
358 2612 476 2672 animus
500 2613 610 2672 animo.
646 2612 724 2684 Quid
743 2619 838 2685 ergo?
869 2629 945 2684 non,
971 2612 1117 2686 quicquid
1140 2625 1221 2684 po-5

221 2703 323 2769 tuero,
349 2705 378 2756 et
399 2696 505 2754 faciam
523 2703 553 2754 et
572 2696 713 2768 reddam,
736 2702 766 2753 et
779 2703 948 2767 temporum
965 2709 1127 2769 rerumque
1142 2710 1193 2753 oc-

222 2780 378 2840 casionem
399 2794 511 2854 sequar
532 2786 562 2838 et
582 2780 698 2853 inplere
719 2778 785 2837 eius
807 2778 905 2837 sinum
929 2779 1064 2853 cupiam,
1092 2794 1110 2836 a
1131 2793 1192 2851 quo

220 2862 338 2937 aliquid
360 2863 491 2936 accepit
522 2861 585 2921 Sed
605 2864 685 2922 malo
707 2864 776 2923 loco
797 2862 979 2922 beneficium
1000 2870 1061 2937 est,
1085 2861 1143 2922 nisi
1163 2868 1194 2921 et

220 2946 363 3005 excussis
378 2944 518 3004 manibus
532 2961 603 3005 esse
618 2954 704 3019 grato
719 2947 798 3007 licet.

281 3028 401 3087 XXXII.
424 3029 499 3103 „Qui
511 3028 645 3103 acecpit,
668 3029 781 3105 inquil,
799 3030 995 3103 beneficium,
1011 3029 1220 3099 licetanim01

220 3110 440 3187 benignissimo
465 3113 630 3187 acciperet,
660 3115 795 3173 nondum
817 3115 1038 3173 consummavit
1058 3114 1191 3172 ollicium

221 3210 323 3269 suum,
343 3202 438 3255 restat
450 3195 528 3255 enim
541 3212 613 3270 pars
625 3196 783 3255 reddendi.
807 3197 886 3255 sicut
896 3198 924 3254 in
937 3199 1007 3254 lusu
1019 3204 1067 3253 est
1077 3195 1192 3268 aliquid

220 3277 311 3351 pilam
328 3278 404 3339 scite
418 3294 455 3337 ac
470 3279 628 3354 diligenter
642 3280 800 3352 excipere,
821 3279 877 3337 sed
893 3294 952 3337 non
969 3278 1077 3337 dicitur
1091 3278 1191 3336 bonus

221 3362 319 3435 lusor,
342 3362 402 3421 nisi
418 3363 470 3437 qui
485 3371 556 3437 apte
571 3370 600 3422 et
615 3363 759 3436 expedite
769 3361 885 3422 remisit
897 3378 987 3435 quam
999 3366 1191 3434 acceperat.“

222 3442 401 3519 Exemplum
416 3444 477 3505 hoe
491 3447 639 3506 dissimile
654 3454 709 3505 est.
736 3452 853 3519 quare?
874 3448 945 3519 quia
961 3446 1050 3505 liuius
1065 3445 1109 3503 rei
1124 3447 1219 3507 lausi

222 3526 250 3585 in
269 3529 409 3603 corporis
431 3538 515 3589 motu
537 3538 584 3590 est
603 3537 633 3588 et
650 3531 679 3588 in
700 3530 846 3603 agilitate,
868 3531 973 3604 nonin
990 3530 1101 3588 animo.
1137 3543 1189 3587 ex·
1269 3550 1273 3556 ’

224 3610 325 3682 plicari
345 3612 450 3687 itaque
465 3621 558 3672 totum
575 3613 680 3688 debet,
701 3614 817 3687 dequo
834 3615 930 3674 oculis
945 3612 1108 3683 iudicatur,
1132 3629 1189 3671 nec

225 3698 317 3753 lamen
329 3694 399 3755 ideo
412 3712 472 3756 non
486 3698 599 3785 bonum
610 3698 744 3764 lusorem
755 3698 862 3773 dicam,
876 3697 927 3773 qui
938 3697 1039 3773 pilam,
1055 3703 1087 3757 ut
1099 3711 1190 3771 opor-

263 3797 363 3837 srurcn
376 3800 445 3837 nnn.
461 3784 492 3839 ll.
1010 3786 1033 3842 t
