<?xml version="1.0" encoding="UTF-8"?>
<!DOCTYPE html PUBLIC "-//W3C//DTD XHTML 1.0 Transitional//EN"
    "http://www.w3.org/TR/xhtml1/DTD/xhtml1-transitional.dtd">
<html xmlns="http://www.w3.org/1999/xhtml" xml:lang="en" lang="en">
 <head>
  <title>
</title>
<meta http-equiv="Content-Type" content="text/html;charset=utf-8" />
  <meta name='ocr-system' content='tesseract 3.04.00' />
  <meta name='ocr-capabilities' content='ocr_page ocr_carea ocr_par ocr_line ocrx_word'/>
</head>
<body>
  <div class='ocr_page' id='page_1' title='image "./lannaeisenecaeo07senegoog_0039.png"; bbox 0 0 2942 4384; ppageno 0'>
   <div class='ocr_carea' id='block_1_1' title="bbox 433 414 1200 485">
    <p class='ocr_par' dir='ltr' id='par_1_1' title="bbox 433 414 1200 485">
     <span class='ocr_line' id='line_1_1' title="bbox 433 414 1200 485; baseline 0.014 -11"><span class='ocrx_word' id='word_1_1' title='bbox 433 414 485 474; x_wconf 76' lang='lat' dir='ltr'>ltu</span> <span class='ocrx_word' id='word_1_2' title='bbox 505 414 719 476; x_wconf 84' lang='lat' dir='ltr'>BENEFICIIS</span> <span class='ocrx_word' id='word_1_3' title='bbox 740 417 862 478; x_wconf 71' lang='lat' dir='ltr'>ultan.</span> <span class='ocrx_word' id='word_1_4' title='bbox 885 425 1016 483; x_wconf 74' lang='lat'>18-21.</span> <span class='ocrx_word' id='word_1_5' title='bbox 1159 419 1200 485; x_wconf 77' lang='lat'>27</span> 
     </span>
    </p>
   </div>
   <div class='ocr_carea' id='block_1_2' title="bbox 230 565 1277 3721">
    <p class='ocr_par' dir='ltr' id='par_1_2' title="bbox 230 565 1230 1722">
     <span class='ocr_line' id='line_1_2' title="bbox 230 565 1200 645; baseline 0.004 -17"><span class='ocrx_word' id='word_1_6' title='bbox 230 566 326 630; x_wconf 80' lang='lat' dir='ltr'>vitatis</span> <span class='ocrx_word' id='word_1_7' title='bbox 343 574 442 629; x_wconf 88' lang='lat' dir='ltr'>status</span> <span class='ocrx_word' id='word_1_8' title='bbox 464 566 522 628; x_wconf 90' lang='lat' dir='ltr'>sub</span> <span class='ocrx_word' id='word_1_9' title='bbox 545 581 619 642; x_wconf 79' lang='lat' dir='ltr'>rege</span> <span class='ocrx_word' id='word_1_10' title='bbox 641 565 722 629; x_wconf 90' lang='lat' dir='ltr'>iusto</span> <span class='ocrx_word' id='word_1_11' title='bbox 744 567 798 642; x_wconf 93' lang='lat' dir='ltr'>sit,</span> <span class='ocrx_word' id='word_1_12' title='bbox 822 576 873 630; x_wconf 90' lang='lat' dir='ltr'>aut</span> <span class='ocrx_word' id='word_1_13' title='bbox 893 568 933 628; x_wconf 90' lang='lat' dir='ltr'>ibi</span> <span class='ocrx_word' id='word_1_14' title='bbox 955 569 1091 645; x_wconf 87' lang='lat' dir='ltr'>speravit</span> <span class='ocrx_word' id='word_1_15' title='bbox 1110 569 1200 632; x_wconf 90' lang='lat' dir='ltr'>liber·</span> 
     </span>
     <span class='ocr_line' id='line_1_3' title="bbox 233 651 1199 729; baseline 0.003 -17"><span class='ocrx_word' id='word_1_16' title='bbox 233 660 315 712; x_wconf 86' lang='lat' dir='ltr'>tatem</span> <span class='ocrx_word' id='word_1_17' title='bbox 337 653 483 724; x_wconf 81' lang='lat' dir='ltr'>futuram,</span> <span class='ocrx_word' id='word_1_18' title='bbox 501 651 628 710; x_wconf 84' lang='lat' dir='ltr'>ubitam</span> <span class='ocrx_word' id='word_1_19' title='bbox 643 668 786 725; x_wconf 81' lang='lat' dir='ltr'>magnum</span> <span class='ocrx_word' id='word_1_20' title='bbox 802 651 968 726; x_wconf 89' lang='lat' dir='ltr'>praemium</span> <span class='ocrx_word' id='word_1_21' title='bbox 984 661 1049 714; x_wconf 89' lang='lat' dir='ltr'>erat</span> <span class='ocrx_word' id='word_1_22' title='bbox 1062 663 1092 714; x_wconf 88' lang='lat' dir='ltr'>et</span> <span class='ocrx_word' id='word_1_23' title='bbox 1105 656 1199 729; x_wconf 85' lang='lat' dir='ltr'>impe-</span> 
     </span>
     <span class='ocr_line' id='line_1_4' title="bbox 234 734 1200 812; baseline 0.005 -19"><span class='ocrx_word' id='word_1_24' title='bbox 234 734 312 794; x_wconf 91' lang='lat' dir='ltr'>randi</span> <span class='ocrx_word' id='word_1_25' title='bbox 328 743 360 795; x_wconf 86' lang='lat' dir='ltr'>et</span> <span class='ocrx_word' id='word_1_26' title='bbox 373 734 542 807; x_wconf 89' lang='lat' dir='ltr'>serviendi,</span> <span class='ocrx_word' id='word_1_27' title='bbox 567 740 620 794; x_wconf 86' lang='lat' dir='ltr'>aut</span> <span class='ocrx_word' id='word_1_28' title='bbox 634 734 818 794; x_wconf 86' lang='lat' dir='ltr'>existimavit</span> <span class='ocrx_word' id='word_1_29' title='bbox 843 734 994 794; x_wconf 87' lang='lat' dir='ltr'>civitatem</span> <span class='ocrx_word' id='word_1_30' title='bbox 1017 737 1046 795; x_wconf 93' lang='lat' dir='ltr'>in</span> <span class='ocrx_word' id='word_1_31' title='bbox 1067 738 1200 812; x_wconf 82' lang='lat' dir='ltr'><strong>priorem</strong></span> 
     </span>
     <span class='ocr_line' id='line_1_5' title="bbox 236 817 1200 892; baseline 0.006 -16"><span class='ocrx_word' id='word_1_32' title='bbox 236 818 354 878; x_wconf 78' lang='lat' dir='ltr'>formam</span> <span class='ocrx_word' id='word_1_33' title='bbox 377 833 472 892; x_wconf 91' lang='lat' dir='ltr'>posse</span> <span class='ocrx_word' id='word_1_34' title='bbox 492 819 631 876; x_wconf 87' lang='lat' dir='ltr'>revocari</span> <span class='ocrx_word' id='word_1_35' title='bbox 658 817 781 878; x_wconf 86' lang='lat' dir='ltr'>amissis</span> <span class='ocrx_word' id='word_1_36' title='bbox 804 819 939 892; x_wconf 80' lang='lat' dir='ltr'>pristinis</span> <span class='ocrx_word' id='word_1_37' title='bbox 966 820 1102 880; x_wconf 88' lang='lat' dir='ltr'>moribus</span> <span class='ocrx_word' id='word_1_38' title='bbox 1123 821 1200 882; x_wconf 88' lang='lat' dir='ltr'>iutu-</span> 
     </span>
     <span class='ocr_line' id='line_1_6' title="bbox 237 900 1199 976; baseline 0.005 -17"><span class='ocrx_word' id='word_1_39' title='bbox 237 916 353 976; x_wconf 89' lang='lat' dir='ltr'>ramque</span> <span class='ocrx_word' id='word_1_40' title='bbox 368 900 411 960; x_wconf 93' lang='lat' dir='ltr'>ibi</span> <span class='ocrx_word' id='word_1_41' title='bbox 426 900 639 975; x_wconf 88' lang='lat' dir='ltr'>aequalitatem</span> <span class='ocrx_word' id='word_1_42' title='bbox 654 901 750 960; x_wconf 91' lang='lat' dir='ltr'>civilis</span> <span class='ocrx_word' id='word_1_43' title='bbox 773 902 847 961; x_wconf 90' lang='lat' dir='ltr'>iuris</span> <span class='ocrx_word' id='word_1_44' title='bbox 864 911 894 962; x_wconf 88' lang='lat' dir='ltr'>et</span> <span class='ocrx_word' id='word_1_45' title='bbox 908 911 1040 962; x_wconf 88' lang='lat' dir='ltr'>staturas</span> <span class='ocrx_word' id='word_1_46' title='bbox 1055 919 1112 964; x_wconf 92' lang='lat' dir='ltr'>suo</span> <span class='ocrx_word' id='word_1_47' title='bbox 1130 904 1199 964; x_wconf 87' lang='lat' dir='ltr'>loco</span> 
     </span>
     <span class='ocr_line' id='line_1_7' title="bbox 238 983 1198 1060; baseline 0.004 -17"><span class='ocrx_word' id='word_1_48' title='bbox 238 984 326 1057; x_wconf 77' lang='lat' dir='ltr'>leges,</span> <span class='ocrx_word' id='word_1_49' title='bbox 348 983 401 1043; x_wconf 88' lang='lat' dir='ltr'>ubi</span> <span class='ocrx_word' id='word_1_50' title='bbox 418 983 535 1043; x_wconf 90' lang='lat' dir='ltr'>viderat</span> <span class='ocrx_word' id='word_1_51' title='bbox 548 991 594 1044; x_wconf 90' lang='lat' dir='ltr'>tot</span> <span class='ocrx_word' id='word_1_52' title='bbox 609 985 690 1043; x_wconf 92' lang='lat' dir='ltr'>milia</span> <span class='ocrx_word' id='word_1_53' title='bbox 708 983 865 1045; x_wconf 91' lang='lat' dir='ltr'>hominum</span> <span class='ocrx_word' id='word_1_54' title='bbox 880 987 1059 1060; x_wconf 81' lang='lat' dir='ltr'>pugnantia,</span> <span class='ocrx_word' id='word_1_55' title='bbox 1083 1003 1143 1046; x_wconf 93' lang='lat' dir='ltr'>non</span> <span class='ocrx_word' id='word_1_56' title='bbox 1161 1004 1198 1047; x_wconf 92' lang='lat' dir='ltr'>an</span> 
     </span>
     <span class='ocr_line' id='line_1_8' title="bbox 239 1066 1199 1140; baseline 0.004 -15"><span class='ocrx_word' id='word_1_57' title='bbox 239 1067 390 1140; x_wconf 83' lang='lat' dir='ltr'>servirent,</span> <span class='ocrx_word' id='word_1_58' title='bbox 406 1067 461 1126; x_wconf 89' lang='lat' dir='ltr'>sed</span> <span class='ocrx_word' id='word_1_59' title='bbox 477 1066 543 1126; x_wconf 90' lang='lat' dir='ltr'>utri.</span> <span class='ocrx_word' id='word_1_60' title='bbox 569 1067 686 1139; x_wconf 78' lang='lat' dir='ltr'>Quanta</span> <span class='ocrx_word' id='word_1_61' title='bbox 701 1083 774 1127; x_wconf 86' lang='lat' dir='ltr'>vcro</span> <span class='ocrx_word' id='word_1_62' title='bbox 790 1069 873 1127; x_wconf 92' lang='lat' dir='ltr'>illum</span> <span class='ocrx_word' id='word_1_63' title='bbox 889 1077 941 1128; x_wconf 90' lang='lat' dir='ltr'>aut</span> <span class='ocrx_word' id='word_1_64' title='bbox 955 1085 1054 1128; x_wconf 89' lang='lat' dir='ltr'>rerum</span> <span class='ocrx_word' id='word_1_65' title='bbox 1073 1076 1199 1130; x_wconf 90' lang='lat' dir='ltr'>naturae</span> 
     </span>
     <span class='ocr_line' id='line_1_9' title="bbox 240 1149 1199 1226; baseline 0.005 -18"><span class='ocrx_word' id='word_1_66' title='bbox 240 1157 282 1208; x_wconf 84' lang='lat' dir='ltr'>aut</span> <span class='ocrx_word' id='word_1_67' title='bbox 293 1150 377 1209; x_wconf 83' lang='lat' dir='ltr'>urbis</span> <span class='ocrx_word' id='word_1_68' title='bbox 391 1164 467 1209; x_wconf 90' lang='lat' dir='ltr'>suae</span> <span class='ocrx_word' id='word_1_69' title='bbox 481 1150 578 1210; x_wconf 90' lang='lat' dir='ltr'>tenuit</span> <span class='ocrx_word' id='word_1_70' title='bbox 593 1149 721 1221; x_wconf 88' lang='lat' dir='ltr'>oblivio,</span> <span class='ocrx_word' id='word_1_71' title='bbox 742 1151 792 1225; x_wconf 89' lang='lat' dir='ltr'>qui</span> <span class='ocrx_word' id='word_1_72' title='bbox 808 1168 868 1212; x_wconf 92' lang='lat' dir='ltr'>uno</span> <span class='ocrx_word' id='word_1_73' title='bbox 884 1152 1064 1226; x_wconf 90' lang='lat' dir='ltr'>interempto</span> <span class='ocrx_word' id='word_1_74' title='bbox 1080 1154 1199 1213; x_wconf 81' lang='lat' dir='ltr'>delutu-</span> 
     </span>
     <span class='ocr_line' id='line_1_10' title="bbox 240 1232 1198 1309; baseline 0.005 -18"><span class='ocrx_word' id='word_1_75' title='bbox 240 1247 293 1292; x_wconf 79' lang='lat' dir='ltr'>rum</span> <span class='ocrx_word' id='word_1_76' title='bbox 307 1232 438 1292; x_wconf 82' lang='lat' dir='ltr'>credidit</span> <span class='ocrx_word' id='word_1_77' title='bbox 452 1233 560 1306; x_wconf 87' lang='lat' dir='ltr'>alium,</span> <span class='ocrx_word' id='word_1_78' title='bbox 579 1234 631 1307; x_wconf 89' lang='lat' dir='ltr'>qui</span> <span class='ocrx_word' id='word_1_79' title='bbox 648 1233 728 1292; x_wconf 89' lang='lat' dir='ltr'>idem</span> <span class='ocrx_word' id='word_1_80' title='bbox 745 1234 849 1306; x_wconf 91' lang='lat' dir='ltr'>vellet,</span> <span class='ocrx_word' id='word_1_81' title='bbox 869 1251 936 1294; x_wconf 89' lang='lat' dir='ltr'>cum</span> <span class='ocrx_word' id='word_1_82' title='bbox 952 1236 1135 1309; x_wconf 85' lang='lat' dir='ltr'>Tarquinius</span> <span class='ocrx_word' id='word_1_83' title='bbox 1151 1252 1198 1296; x_wconf 84' lang='lat' dir='ltr'>es-</span> 
     </span>
     <span class='ocr_line' id='line_1_11' title="bbox 241 1317 1198 1390; baseline 0.003 -16"><span class='ocrx_word' id='word_1_84' title='bbox 241 1317 430 1375; x_wconf 82' lang='lat' dir='ltr'>setinventus</span> <span class='ocrx_word' id='word_1_85' title='bbox 453 1323 525 1389; x_wconf 87' lang='lat' dir='ltr'>post</span> <span class='ocrx_word' id='word_1_86' title='bbox 544 1322 589 1376; x_wconf 91' lang='lat' dir='ltr'>tot</span> <span class='ocrx_word' id='word_1_87' title='bbox 610 1332 700 1390; x_wconf 83' lang='lat' dir='ltr'>reges</span> <span class='ocrx_word' id='word_1_88' title='bbox 721 1318 801 1376; x_wconf 87' lang='lat' dir='ltr'>lerro</span> <span class='ocrx_word' id='word_1_89' title='bbox 824 1333 860 1376; x_wconf 89' lang='lat' dir='ltr'>ac</span> <span class='ocrx_word' id='word_1_90' title='bbox 877 1317 1050 1377; x_wconf 82' lang='lat' dir='ltr'>fulminibus</span> <span class='ocrx_word' id='word_1_91' title='bbox 1067 1319 1198 1378; x_wconf 90' lang='lat' dir='ltr'>occisos.</span> 
     </span>
     <span class='ocr_line' id='line_1_12' title="bbox 242 1397 1230 1477; baseline 0.006 -22"><span class='ocrx_word' id='word_1_92' title='bbox 242 1397 293 1458; x_wconf 85' lang='lat' dir='ltr'>Sed</span> <span class='ocrx_word' id='word_1_93' title='bbox 307 1400 395 1458; x_wconf 91' lang='lat' dir='ltr'>vitam</span> <span class='ocrx_word' id='word_1_94' title='bbox 412 1399 553 1474; x_wconf 86' lang='lat' dir='ltr'>accipere</span> <span class='ocrx_word' id='word_1_95' title='bbox 568 1400 685 1472; x_wconf 87' lang='lat' dir='ltr'>debuit,</span> <span class='ocrx_word' id='word_1_96' title='bbox 709 1401 749 1460; x_wconf 92' lang='lat' dir='ltr'>ob</span> <span class='ocrx_word' id='word_1_97' title='bbox 770 1399 830 1458; x_wconf 90' lang='lat' dir='ltr'>hoc</span> <span class='ocrx_word' id='word_1_98' title='bbox 846 1407 945 1459; x_wconf 91' lang='lat' dir='ltr'>tamen</span> <span class='ocrx_word' id='word_1_99' title='bbox 963 1415 1023 1458; x_wconf 93' lang='lat' dir='ltr'>non</span> <span class='ocrx_word' id='word_1_100' title='bbox 1038 1399 1151 1477; x_wconf 84' lang='lat' dir='ltr'>habere</span> <span class='ocrx_word' id='word_1_101' title='bbox 1166 1402 1230 1461; x_wconf 80' lang='lat' dir='ltr'>ila</span> 
     </span>
     <span class='ocr_line' id='line_1_13' title="bbox 242 1481 1199 1557; baseline 0.004 -18"><span class='ocrx_word' id='word_1_102' title='bbox 242 1482 291 1540; x_wconf 89' lang='lat' dir='ltr'>lum</span> <span class='ocrx_word' id='word_1_103' title='bbox 304 1483 439 1556; x_wconf 84' lang='lat' dir='ltr'>parentis</span> <span class='ocrx_word' id='word_1_104' title='bbox 455 1483 539 1556; x_wconf 87' lang='lat' dir='ltr'>loco,</span> <span class='ocrx_word' id='word_1_105' title='bbox 563 1481 615 1557; x_wconf 92' lang='lat' dir='ltr'>qui</span> <span class='ocrx_word' id='word_1_106' title='bbox 636 1482 729 1542; x_wconf 90' lang='lat' dir='ltr'>inlus</span> <span class='ocrx_word' id='word_1_107' title='bbox 752 1483 844 1542; x_wconf 89' lang='lat' dir='ltr'>dandi</span> <span class='ocrx_word' id='word_1_108' title='bbox 861 1481 1001 1542; x_wconf 87' lang='lat' dir='ltr'>beneficii</span> <span class='ocrx_word' id='word_1_109' title='bbox 1022 1482 1131 1543; x_wconf 87' lang='lat' dir='ltr'>iniuria</span> <span class='ocrx_word' id='word_1_110' title='bbox 1149 1499 1199 1543; x_wconf 89' lang='lat' dir='ltr'>ve-</span> 
     </span>
     <span class='ocr_line' id='line_1_14' title="bbox 242 1564 1198 1641; baseline 0.007 -21"><span class='ocrx_word' id='word_1_111' title='bbox 242 1573 322 1624; x_wconf 88' lang='lat' dir='ltr'>nerat</span> <span class='ocrx_word' id='word_1_112' title='bbox 355 1576 417 1625; x_wconf 86' lang='lat' dir='ltr'>non</span> <span class='ocrx_word' id='word_1_113' title='bbox 436 1564 517 1625; x_wconf 90' lang='lat' dir='ltr'>enim</span> <span class='ocrx_word' id='word_1_114' title='bbox 533 1567 665 1626; x_wconf 89' lang='lat' dir='ltr'>servavit</span> <span class='ocrx_word' id='word_1_115' title='bbox 678 1567 720 1640; x_wconf 77' lang='lat' dir='ltr'>ia,</span> <span class='ocrx_word' id='word_1_116' title='bbox 743 1567 795 1641; x_wconf 90' lang='lat' dir='ltr'>qui</span> <span class='ocrx_word' id='word_1_117' title='bbox 809 1583 870 1627; x_wconf 94' lang='lat' dir='ltr'>non</span> <span class='ocrx_word' id='word_1_118' title='bbox 885 1564 1050 1640; x_wconf 89' lang='lat' dir='ltr'>interiecit,</span> <span class='ocrx_word' id='word_1_119' title='bbox 1075 1582 1132 1626; x_wconf 90' lang='lat' dir='ltr'>neo</span> <span class='ocrx_word' id='word_1_120' title='bbox 1147 1567 1198 1627; x_wconf 89' lang='lat' dir='ltr'>be·</span> 
     </span>
     <span class='ocr_line' id='line_1_15' title="bbox 242 1647 764 1722; baseline 0.008 -18"><span class='ocrx_word' id='word_1_121' title='bbox 242 1647 368 1708; x_wconf 84' lang='lat' dir='ltr'>aeficium</span> <span class='ocrx_word' id='word_1_122' title='bbox 384 1649 483 1722; x_wconf 87' lang='lat' dir='ltr'>dedit,</span> <span class='ocrx_word' id='word_1_123' title='bbox 506 1649 563 1709; x_wconf 87' lang='lat' dir='ltr'>sed</span> <span class='ocrx_word' id='word_1_124' title='bbox 576 1648 764 1710; x_wconf 88' lang='lat' dir='ltr'>missionem.</span> 
     </span>
    </p>

    <p class='ocr_par' dir='ltr' id='par_1_3' title="bbox 233 1730 1277 3721">
     <span class='ocr_line' id='line_1_16' title="bbox 291 1730 1229 1808; baseline 0.001 -17"><span class='ocrx_word' id='word_1_125' title='bbox 291 1731 366 1791; x_wconf 79' lang='lat' dir='ltr'>xxi.</span> <span class='ocrx_word' id='word_1_126' title='bbox 386 1733 464 1792; x_wconf 93' lang='lat' dir='ltr'>lllud</span> <span class='ocrx_word' id='word_1_127' title='bbox 480 1733 576 1806; x_wconf 84' lang='lat' dir='ltr'>magis</span> <span class='ocrx_word' id='word_1_128' title='bbox 592 1733 697 1791; x_wconf 87' lang='lat' dir='ltr'>venire</span> <span class='ocrx_word' id='word_1_129' title='bbox 718 1731 748 1793; x_wconf 89' lang='lat' dir='ltr'>in</span> <span class='ocrx_word' id='word_1_130' title='bbox 769 1730 1003 1808; x_wconf 87' lang='lat' dir='ltr'>disputationem</span> <span class='ocrx_word' id='word_1_131' title='bbox 1025 1740 1126 1808; x_wconf 90' lang='lat' dir='ltr'>potest</span> <span class='ocrx_word' id='word_1_132' title='bbox 1147 1734 1229 1792; x_wconf 87' lang='lat' dir='ltr'>ali-l</span> 
     </span>
     <span class='ocr_line' id='line_1_17' title="bbox 244 1815 1198 1891; baseline 0.003 -19"><span class='ocrx_word' id='word_1_133' title='bbox 244 1829 335 1888; x_wconf 84' lang='lat' dir='ltr'>qnam,</span> <span class='ocrx_word' id='word_1_134' title='bbox 357 1815 451 1889; x_wconf 87' lang='lat' dir='ltr'>quid</span> <span class='ocrx_word' id='word_1_135' title='bbox 469 1816 690 1875; x_wconf 89' lang='lat' dir='ltr'>laciendum</span> <span class='ocrx_word' id='word_1_136' title='bbox 711 1816 762 1876; x_wconf 91' lang='lat' dir='ltr'>sit</span> <span class='ocrx_word' id='word_1_137' title='bbox 783 1817 958 1891; x_wconf 87' lang='lat' dir='ltr'>captivo,</span> <span class='ocrx_word' id='word_1_138' title='bbox 981 1817 1198 1876; x_wconf 89' lang='lat' dir='ltr'>cuiredem·</span> 
     </span>
     <span class='ocr_line' id='line_1_18' title="bbox 243 1895 1200 1974; baseline 0.004 -18"><span class='ocrx_word' id='word_1_139' title='bbox 243 1895 376 1968; x_wconf 84' lang='lat' dir='ltr'>ptionis</span> <span class='ocrx_word' id='word_1_140' title='bbox 399 1901 564 1972; x_wconf 87' lang='lat' dir='ltr'>pretium</span> <span class='ocrx_word' id='word_1_141' title='bbox 591 1900 701 1959; x_wconf 94' lang='lat' dir='ltr'>homo</span> <span class='ocrx_word' id='word_1_142' title='bbox 727 1898 931 1972; x_wconf 71' lang='lat' dir='ltr'>prostituti</span> <span class='ocrx_word' id='word_1_143' title='bbox 960 1899 1141 1974; x_wconf 88' lang='lat' dir='ltr'>corporis</span> <span class='ocrx_word' id='word_1_144' title='bbox 1165 1909 1200 1960; x_wconf 86' lang='lat' dir='ltr'>et</span> 
     </span>
     <span class='ocr_line' id='line_1_19' title="bbox 242 1978 1200 2058; baseline 0.004 -22"><span class='ocrx_word' id='word_1_145' title='bbox 242 1978 384 2042; x_wconf 80' lang='lat' dir='ltr'>intumis</span> <span class='ocrx_word' id='word_1_146' title='bbox 401 1997 466 2043; x_wconf 89' lang='lat' dir='ltr'>ore</span> <span class='ocrx_word' id='word_1_147' title='bbox 482 1982 682 2058; x_wconf 82' lang='lat' dir='ltr'>promittit</span> <span class='ocrx_word' id='word_1_148' title='bbox 712 1983 810 2056; x_wconf 88' lang='lat' dir='ltr'>patiar</span> <span class='ocrx_word' id='word_1_149' title='bbox 824 1982 923 2040; x_wconf 84' lang='lat' dir='ltr'>moab</span> <span class='ocrx_word' id='word_1_150' title='bbox 938 1980 1047 2056; x_wconf 88' lang='lat' dir='ltr'>inpuro</span> <span class='ocrx_word' id='word_1_151' title='bbox 1064 1982 1200 2042; x_wconf 81' lang='lat' dir='ltr'>servarit</span> 
     </span>
     <span class='ocr_line' id='line_1_20' title="bbox 242 2065 1199 2140; baseline 0.002 -19"><span class='ocrx_word' id='word_1_152' title='bbox 242 2073 368 2126; x_wconf 86' lang='lat' dir='ltr'>servatus</span> <span class='ocrx_word' id='word_1_153' title='bbox 383 2065 494 2126; x_wconf 90' lang='lat' dir='ltr'>deinde</span> <span class='ocrx_word' id='word_1_154' title='bbox 516 2081 607 2140; x_wconf 87' lang='lat' dir='ltr'>quam</span> <span class='ocrx_word' id='word_1_155' title='bbox 629 2065 668 2124; x_wconf 90' lang='lat' dir='ltr'>illi</span> <span class='ocrx_word' id='word_1_156' title='bbox 684 2065 809 2140; x_wconf 83' lang='lat' dir='ltr'>gratiam</span> <span class='ocrx_word' id='word_1_157' title='bbox 834 2066 986 2123; x_wconf 73' lang='lat' dir='ltr'>releramt</span> <span class='ocrx_word' id='word_1_158' title='bbox 1011 2065 1110 2123; x_wconf 90' lang='lat' dir='ltr'>vivam</span> <span class='ocrx_word' id='word_1_159' title='bbox 1131 2081 1199 2123; x_wconf 92' lang='lat' dir='ltr'>cum</span> 
     </span>
     <span class='ocr_line' id='line_1_21' title="bbox 242 2146 1230 2223; baseline 0.005 -17"><span class='ocrx_word' id='word_1_160' title='bbox 242 2147 407 2210; x_wconf 66' lang='lat' dir='ltr'>obscoeno?</span> <span class='ocrx_word' id='word_1_161' title='bbox 428 2165 489 2208; x_wconf 90' lang='lat' dir='ltr'>non</span> <span class='ocrx_word' id='word_1_162' title='bbox 503 2149 604 2208; x_wconf 90' lang='lat' dir='ltr'>vivam</span> <span class='ocrx_word' id='word_1_163' title='bbox 619 2164 688 2208; x_wconf 91' lang='lat' dir='ltr'>cum</span> <span class='ocrx_word' id='word_1_164' title='bbox 701 2149 917 2223; x_wconf 70' lang='lat' dir='ltr'>redemptore?</span> <span class='ocrx_word' id='word_1_165' title='bbox 943 2146 1020 2220; x_wconf 83' lang='lat' dir='ltr'>Quid</span> <span class='ocrx_word' id='word_1_166' title='bbox 1042 2163 1114 2222; x_wconf 78' lang='lat' dir='ltr'>ergo</span> <span class='ocrx_word' id='word_1_167' title='bbox 1135 2148 1230 2220; x_wconf 80' lang='lat' dir='ltr'>pla-a</span> 
     </span>
     <span class='ocr_line' id='line_1_22' title="bbox 241 2231 1198 2306; baseline -0.001 -16"><span class='ocrx_word' id='word_1_168' title='bbox 241 2241 297 2292; x_wconf 80' lang='lat' dir='ltr'>reat</span> <span class='ocrx_word' id='word_1_169' title='bbox 311 2233 423 2292; x_wconf 82' lang='lat' dir='ltr'>dicam:</span> <span class='ocrx_word' id='word_1_170' title='bbox 441 2233 529 2291; x_wconf 90' lang='lat' dir='ltr'>etiam</span> <span class='ocrx_word' id='word_1_171' title='bbox 541 2232 580 2290; x_wconf 90' lang='lat' dir='ltr'>ab</span> <span class='ocrx_word' id='word_1_172' title='bbox 591 2231 693 2306; x_wconf 86' lang='lat' dir='ltr'>aliquo</span> <span class='ocrx_word' id='word_1_173' title='bbox 704 2233 755 2291; x_wconf 89' lang='lat' dir='ltr'>tali</span> <span class='ocrx_word' id='word_1_174' title='bbox 767 2232 914 2306; x_wconf 86' lang='lat' dir='ltr'>accipiam</span> <span class='ocrx_word' id='word_1_175' title='bbox 927 2231 1096 2305; x_wconf 89' lang='lat' dir='ltr'>pecuniam,</span> <span class='ocrx_word' id='word_1_176' title='bbox 1108 2247 1198 2305; x_wconf 87' lang='lat' dir='ltr'>quam</span> 
     </span>
     <span class='ocr_line' id='line_1_23' title="bbox 240 2315 1193 2392; baseline -0.001 -19"><span class='ocrx_word' id='word_1_177' title='bbox 240 2329 288 2387; x_wconf 88' lang='lat' dir='ltr'>pro</span> <span class='ocrx_word' id='word_1_178' title='bbox 298 2317 396 2392; x_wconf 86' lang='lat' dir='ltr'>eapite</span> <span class='ocrx_word' id='word_1_179' title='bbox 408 2316 588 2390; x_wconf 83' lang='lat' dir='ltr'>dependam,</span> <span class='ocrx_word' id='word_1_180' title='bbox 602 2315 790 2389; x_wconf 85' lang='lat' dir='ltr'>accipiam</span> <span class='ocrx_word' id='word_1_181' title='bbox 803 2324 902 2376; x_wconf 88' lang='lat' dir='ltr'>autem</span> <span class='ocrx_word' id='word_1_182' title='bbox 916 2321 1193 2388; x_wconf 82' lang='lat' dir='ltr'>tamquamcre·</span> 
     </span>
     <span class='ocr_line' id='line_1_24' title="bbox 240 2396 1198 2472; baseline 0 -17"><span class='ocrx_word' id='word_1_183' title='bbox 240 2396 362 2472; x_wconf 89' lang='lat' dir='ltr'>ditum,</span> <span class='ocrx_word' id='word_1_184' title='bbox 384 2400 917 2472; x_wconf 84' lang='lat' dir='ltr'>nontamquambenciicium.</span> <span class='ocrx_word' id='word_1_185' title='bbox 947 2400 1064 2458; x_wconf 89' lang='lat' dir='ltr'>solvam</span> <span class='ocrx_word' id='word_1_186' title='bbox 1083 2398 1123 2456; x_wconf 91' lang='lat' dir='ltr'>illi</span> <span class='ocrx_word' id='word_1_187' title='bbox 1146 2413 1198 2471; x_wconf 89' lang='lat' dir='ltr'>pe-</span> 
     </span>
     <span class='ocr_line' id='line_1_25' title="bbox 240 2482 1195 2557; baseline -0.001 -17"><span class='ocrx_word' id='word_1_188' title='bbox 240 2482 347 2541; x_wconf 87' lang='lat' dir='ltr'>cuniam</span> <span class='ocrx_word' id='word_1_189' title='bbox 363 2491 409 2556; x_wconf 92' lang='lat' dir='ltr'>et,</span> <span class='ocrx_word' id='word_1_190' title='bbox 433 2482 460 2542; x_wconf 94' lang='lat' dir='ltr'>si</span> <span class='ocrx_word' id='word_1_191' title='bbox 474 2483 597 2542; x_wconf 88' lang='lat' dir='ltr'>occasio</span> <span class='ocrx_word' id='word_1_192' title='bbox 614 2482 703 2542; x_wconf 87' lang='lat' dir='ltr'>luerit</span> <span class='ocrx_word' id='word_1_193' title='bbox 717 2483 874 2557; x_wconf 89' lang='lat' dir='ltr'>servandi,</span> <span class='ocrx_word' id='word_1_194' title='bbox 898 2482 1116 2557; x_wconf 84' lang='lat' dir='ltr'>periclitantem</span> <span class='ocrx_word' id='word_1_195' title='bbox 1134 2496 1195 2540; x_wconf 90' lang='lat' dir='ltr'>ser·</span> 
     </span>
     <span class='ocr_line' id='line_1_26' title="bbox 239 2564 1196 2648; baseline 0.001 -28"><span class='ocrx_word' id='word_1_196' title='bbox 239 2565 324 2625; x_wconf 84' lang='lat' dir='ltr'>vab0=</span> <span class='ocrx_word' id='word_1_197' title='bbox 345 2566 375 2624; x_wconf 92' lang='lat' dir='ltr'>in</span> <span class='ocrx_word' id='word_1_198' title='bbox 390 2565 560 2648; x_wconf 85' lang='lat' dir='ltr'>amicitiam,</span> <span class='ocrx_word' id='word_1_199' title='bbox 581 2581 660 2639; x_wconf 86' lang='lat' dir='ltr'>quae</span> <span class='ocrx_word' id='word_1_200' title='bbox 676 2566 790 2625; x_wconf 89' lang='lat' dir='ltr'>similes</span> <span class='ocrx_word' id='word_1_201' title='bbox 805 2565 908 2640; x_wconf 81' lang='lat' dir='ltr'>iungit,</span> <span class='ocrx_word' id='word_1_202' title='bbox 925 2582 985 2625; x_wconf 93' lang='lat' dir='ltr'>non</span> <span class='ocrx_word' id='word_1_203' title='bbox 1002 2564 1196 2634; x_wconf 87' lang='lat' dir='ltr'>descendam,</span> 
     </span>
     <span class='ocr_line' id='line_1_27' title="bbox 239 2646 1197 2718; baseline -0.002 -14"><span class='ocrx_word' id='word_1_204' title='bbox 239 2661 287 2706; x_wconf 82' lang='lat' dir='ltr'>nec</span> <span class='ocrx_word' id='word_1_205' title='bbox 301 2649 466 2709; x_wconf 86' lang='lat' dir='ltr'>servatoris</span> <span class='ocrx_word' id='word_1_206' title='bbox 481 2651 562 2708; x_wconf 90' lang='lat' dir='ltr'>illum</span> <span class='ocrx_word' id='word_1_207' title='bbox 578 2650 646 2709; x_wconf 91' lang='lat' dir='ltr'>loco</span> <span class='ocrx_word' id='word_1_208' title='bbox 663 2648 845 2718; x_wconf 84' lang='lat' dir='ltr'>numerabo,</span> <span class='ocrx_word' id='word_1_209' title='bbox 867 2649 920 2707; x_wconf 83' lang='lat' dir='ltr'>scd</span> <span class='ocrx_word' id='word_1_210' title='bbox 938 2647 1132 2717; x_wconf 88' lang='lat' dir='ltr'>leneratoris,</span> <span class='ocrx_word' id='word_1_211' title='bbox 1149 2646 1197 2702; x_wconf 86' lang='lat' dir='ltr'>cui</span> 
     </span>
     <span class='ocr_line' id='line_1_28' title="bbox 239 2728 1229 2807; baseline -0.002 -17"><span class='ocrx_word' id='word_1_212' title='bbox 239 2730 324 2790; x_wconf 85' lang='lat' dir='ltr'>sciam</span> <span class='ocrx_word' id='word_1_213' title='bbox 339 2733 528 2792; x_wconf 87' lang='lat' dir='ltr'>reddendum</span> <span class='ocrx_word' id='word_1_214' title='bbox 545 2731 629 2807; x_wconf 86' lang='lat' dir='ltr'>quod</span> <span class='ocrx_word' id='word_1_215' title='bbox 644 2730 760 2804; x_wconf 88' lang='lat' dir='ltr'>accepi.</span> <span class='ocrx_word' id='word_1_216' title='bbox 792 2730 859 2790; x_wconf 83' lang='lat' dir='ltr'>Est</span> <span class='ocrx_word' id='word_1_217' title='bbox 877 2728 1024 2805; x_wconf 84' lang='lat' dir='ltr'>aliquis</span> <span class='ocrx_word' id='word_1_218' title='bbox 1050 2729 1229 2801; x_wconf 82' lang='lat' dir='ltr'>dignus,3</span> 
     </span>
     <span class='ocr_line' id='line_1_29' title="bbox 237 2811 1196 2888; baseline 0.001 -18"><span class='ocrx_word' id='word_1_219' title='bbox 237 2827 334 2888; x_wconf 85' lang='lat' dir='ltr'>aquo</span> <span class='ocrx_word' id='word_1_220' title='bbox 353 2814 590 2874; x_wconf 80' lang='lat' dir='ltr'>beneficium</span> <span class='ocrx_word' id='word_1_221' title='bbox 613 2815 819 2888; x_wconf 90' lang='lat' dir='ltr'>accipiam,</span> <span class='ocrx_word' id='word_1_222' title='bbox 843 2812 1030 2874; x_wconf 89' lang='lat' dir='ltr'>seddanti</span> <span class='ocrx_word' id='word_1_223' title='bbox 1053 2811 1196 2871; x_wconf 88' lang='lat' dir='ltr'>nocitu-</span> 
     </span>
     <span class='ocr_line' id='line_1_30' title="bbox 236 2897 1199 2972; baseline 0.003 -19"><span class='ocrx_word' id='word_1_224' title='bbox 236 2911 306 2955; x_wconf 89' lang='lat' dir='ltr'>rum</span> <span class='ocrx_word' id='word_1_225' title='bbox 334 2905 407 2958; x_wconf 85' lang='lat' dir='ltr'>est=</span> <span class='ocrx_word' id='word_1_226' title='bbox 440 2898 510 2958; x_wconf 86' lang='lat' dir='ltr'>idco</span> <span class='ocrx_word' id='word_1_227' title='bbox 532 2914 605 2957; x_wconf 90' lang='lat' dir='ltr'>non</span> <span class='ocrx_word' id='word_1_228' title='bbox 630 2899 832 2972; x_wconf 86' lang='lat' dir='ltr'>accipiam,</span> <span class='ocrx_word' id='word_1_229' title='bbox 856 2899 927 2972; x_wconf 88' lang='lat' dir='ltr'>quia</span> <span class='ocrx_word' id='word_1_230' title='bbox 946 2897 995 2957; x_wconf 90' lang='lat' dir='ltr'>ille</span> <span class='ocrx_word' id='word_1_231' title='bbox 1013 2904 1136 2970; x_wconf 86' lang='lat' dir='ltr'>paratus</span> <span class='ocrx_word' id='word_1_232' title='bbox 1151 2902 1199 2956; x_wconf 88' lang='lat' dir='ltr'>est</span> 
     </span>
     <span class='ocr_line' id='line_1_31' title="bbox 236 2979 1196 3055; baseline 0.001 -19"><span class='ocrx_word' id='word_1_233' title='bbox 236 2979 299 3038; x_wconf 87' lang='lat' dir='ltr'>mihi</span> <span class='ocrx_word' id='word_1_234' title='bbox 319 2995 388 3040; x_wconf 90' lang='lat' dir='ltr'>cum</span> <span class='ocrx_word' id='word_1_235' title='bbox 410 2981 603 3046; x_wconf 90' lang='lat' dir='ltr'>incommodo</span> <span class='ocrx_word' id='word_1_236' title='bbox 628 2987 679 3038; x_wconf 87' lang='lat' dir='ltr'>aut</span> <span class='ocrx_word' id='word_1_237' title='bbox 701 2980 789 3040; x_wconf 76' lang='lat' dir='ltr'>etiarm</span> <span class='ocrx_word' id='word_1_238' title='bbox 812 2981 946 3055; x_wconf 89' lang='lat' dir='ltr'>periculo</span> <span class='ocrx_word' id='word_1_239' title='bbox 965 2987 1024 3040; x_wconf 91' lang='lat' dir='ltr'>suo</span> <span class='ocrx_word' id='word_1_240' title='bbox 1036 2979 1196 3055; x_wconf 88' lang='lat' dir='ltr'>prodesse.</span> 
     </span>
     <span class='ocr_line' id='line_1_32' title="bbox 235 3061 1198 3139; baseline 0.001 -19"><span class='ocrx_word' id='word_1_241' title='bbox 235 3061 417 3122; x_wconf 80' lang='lat' dir='ltr'>Defensurus</span> <span class='ocrx_word' id='word_1_242' title='bbox 433 3072 480 3123; x_wconf 89' lang='lat' dir='ltr'>est</span> <span class='ocrx_word' id='word_1_243' title='bbox 493 3079 541 3122; x_wconf 88' lang='lat' dir='ltr'>me</span> <span class='ocrx_word' id='word_1_244' title='bbox 555 3079 658 3136; x_wconf 89' lang='lat' dir='ltr'>reum,</span> <span class='ocrx_word' id='word_1_245' title='bbox 680 3064 736 3122; x_wconf 91' lang='lat' dir='ltr'>sed</span> <span class='ocrx_word' id='word_1_246' title='bbox 757 3066 807 3124; x_wconf 93' lang='lat' dir='ltr'>illo</span> <span class='ocrx_word' id='word_1_247' title='bbox 830 3065 997 3139; x_wconf 90' lang='lat' dir='ltr'>patrocinio</span> <span class='ocrx_word' id='word_1_248' title='bbox 1016 3078 1118 3136; x_wconf 84' lang='lat' dir='ltr'>regem</span> <span class='ocrx_word' id='word_1_249' title='bbox 1140 3061 1198 3121; x_wconf 88' lang='lat' dir='ltr'>sibi</span> 
     </span>
     <span class='ocr_line' id='line_1_33' title="bbox 236 3144 1199 3220; baseline -0.001 -17"><span class='ocrx_word' id='word_1_250' title='bbox 236 3144 362 3206; x_wconf 81' lang='lat' dir='ltr'>tacturus</span> <span class='ocrx_word' id='word_1_251' title='bbox 384 3146 550 3206; x_wconf 82' lang='lat' dir='ltr'>inimicum:</span> <span class='ocrx_word' id='word_1_252' title='bbox 581 3146 720 3206; x_wconf 88' lang='lat' dir='ltr'>inimicus</span> <span class='ocrx_word' id='word_1_253' title='bbox 742 3163 825 3220; x_wconf 92' lang='lat' dir='ltr'>sum,</span> <span class='ocrx_word' id='word_1_254' title='bbox 849 3146 890 3220; x_wconf 94' lang='lat' dir='ltr'>si,</span> <span class='ocrx_word' id='word_1_255' title='bbox 912 3163 980 3206; x_wconf 87' lang='lat' dir='ltr'>cum</span> <span class='ocrx_word' id='word_1_256' title='bbox 1001 3147 1050 3207; x_wconf 89' lang='lat' dir='ltr'>ille</span> <span class='ocrx_word' id='word_1_257' title='bbox 1075 3161 1132 3217; x_wconf 85' lang='lat' dir='ltr'>pro</span> <span class='ocrx_word' id='word_1_258' title='bbox 1150 3160 1199 3202; x_wconf 88' lang='lat' dir='ltr'>mc</span> 
     </span>
     <span class='ocr_line' id='line_1_34' title="bbox 234 3227 1199 3306; baseline -0.002 -20"><span class='ocrx_word' id='word_1_259' title='bbox 234 3227 391 3300; x_wconf 84' lang='lat' dir='ltr'>periclitari</span> <span class='ocrx_word' id='word_1_260' title='bbox 414 3230 501 3301; x_wconf 89' lang='lat' dir='ltr'>velit,</span> <span class='ocrx_word' id='word_1_261' title='bbox 527 3245 585 3304; x_wconf 84' lang='lat' dir='ltr'>ego</span> <span class='ocrx_word' id='word_1_262' title='bbox 598 3230 681 3304; x_wconf 86' lang='lat' dir='ltr'>quod</span> <span class='ocrx_word' id='word_1_263' title='bbox 699 3229 816 3291; x_wconf 87' lang='lat' dir='ltr'>iacilius</span> <span class='ocrx_word' id='word_1_264' title='bbox 831 3236 879 3288; x_wconf 92' lang='lat' dir='ltr'>est</span> <span class='ocrx_word' id='word_1_265' title='bbox 895 3244 956 3287; x_wconf 91' lang='lat' dir='ltr'>non</span> <span class='ocrx_word' id='word_1_266' title='bbox 973 3227 1067 3297; x_wconf 89' lang='lat' dir='ltr'>lacio,</span> <span class='ocrx_word' id='word_1_267' title='bbox 1086 3231 1118 3284; x_wconf 78' lang='lat' dir='ltr'>ut</span> <span class='ocrx_word' id='word_1_268' title='bbox 1133 3227 1199 3306; x_wconf 90' lang='lat' dir='ltr'>sine</span> 
     </span>
     <span class='ocr_line' id='line_1_35' title="bbox 235 3306 1277 3388; baseline 0 -21"><span class='ocrx_word' id='word_1_269' title='bbox 235 3309 278 3372; x_wconf 90' lang='lat' dir='ltr'>illo</span> <span class='ocrx_word' id='word_1_270' title='bbox 299 3313 462 3386; x_wconf 89' lang='lat' dir='ltr'>pericliter.</span> <span class='ocrx_word' id='word_1_271' title='bbox 501 3313 640 3388; x_wconf 86' lang='lat' dir='ltr'>Ineptum</span> <span class='ocrx_word' id='word_1_272' title='bbox 661 3320 691 3370; x_wconf 89' lang='lat' dir='ltr'>et</span> <span class='ocrx_word' id='word_1_273' title='bbox 711 3311 852 3370; x_wconf 84' lang='lat' dir='ltr'>frivolum</span> <span class='ocrx_word' id='word_1_274' title='bbox 874 3310 934 3369; x_wconf 90' lang='lat' dir='ltr'>hoo</span> <span class='ocrx_word' id='word_1_275' title='bbox 952 3310 1086 3368; x_wconf 87' lang='lat' dir='ltr'>Hecaton</span> <span class='ocrx_word' id='word_1_276' title='bbox 1114 3306 1230 3382; x_wconf 76' lang='lat' dir='ltr'>ponitd</span> <span class='ocrx_word' id='word_1_277' title='bbox 1275 3350 1277 3355; x_wconf 84' lang='lat'><em>-</em></span> 
     </span>
     <span class='ocr_line' id='line_1_36' title="bbox 234 3392 1198 3469; baseline -0.002 -19"><span class='ocrx_word' id='word_1_278' title='bbox 234 3397 402 3469; x_wconf 82' lang='lat' dir='ltr'>exemplum</span> <span class='ocrx_word' id='word_1_279' title='bbox 426 3395 591 3469; x_wconf 87' lang='lat' dir='ltr'>Arcesilai,</span> <span class='ocrx_word' id='word_1_280' title='bbox 613 3410 702 3469; x_wconf 86' lang='lat' dir='ltr'>quem</span> <span class='ocrx_word' id='word_1_281' title='bbox 728 3393 770 3452; x_wconf 91' lang='lat' dir='ltr'>ait</span> <span class='ocrx_word' id='word_1_282' title='bbox 792 3410 810 3452; x_wconf 90' lang='lat' dir='ltr'>a</span> <span class='ocrx_word' id='word_1_283' title='bbox 836 3393 898 3454; x_wconf 89' lang='lat' dir='ltr'>illio</span> <span class='ocrx_word' id='word_1_284' title='bbox 922 3392 1051 3453; x_wconf 80' lang='lat' dir='ltr'>familiae</span> <span class='ocrx_word' id='word_1_285' title='bbox 1067 3393 1198 3450; x_wconf 88' lang='lat' dir='ltr'>adlatam</span> 
     </span>
     <span class='ocr_line' id='line_1_37' title="bbox 234 3474 1198 3554; baseline -0.004 -18"><span class='ocrx_word' id='word_1_286' title='bbox 234 3479 387 3550; x_wconf 84' lang='lat' dir='ltr'>pecuniam</span> <span class='ocrx_word' id='word_1_287' title='bbox 405 3494 465 3537; x_wconf 90' lang='lat' dir='ltr'>non</span> <span class='ocrx_word' id='word_1_288' title='bbox 481 3480 657 3554; x_wconf 85' lang='lat' dir='ltr'>accepisse,</span> <span class='ocrx_word' id='word_1_289' title='bbox 680 3493 719 3537; x_wconf 88' lang='lat' dir='ltr'>ne</span> <span class='ocrx_word' id='word_1_290' title='bbox 734 3476 784 3536; x_wconf 86' lang='lat' dir='ltr'>illc</span> <span class='ocrx_word' id='word_1_291' title='bbox 801 3485 915 3552; x_wconf 87' lang='lat' dir='ltr'>patrem</span> <span class='ocrx_word' id='word_1_292' title='bbox 931 3477 1087 3537; x_wconf 87' lang='lat' dir='ltr'>sordidum</span> <span class='ocrx_word' id='word_1_293' title='bbox 1103 3474 1198 3534; x_wconf 83' lang='lat' dir='ltr'>olien-</span> 
     </span>
     <span class='ocr_line' id='line_1_38' title="bbox 233 3558 1198 3636; baseline 0.001 -19"><span class='ocrx_word' id='word_1_294' title='bbox 233 3558 330 3621; x_wconf 83' lang='lat' dir='ltr'>deret=</span> <span class='ocrx_word' id='word_1_295' title='bbox 355 3562 430 3636; x_wconf 85' lang='lat' dir='ltr'>quid</span> <span class='ocrx_word' id='word_1_296' title='bbox 446 3562 517 3620; x_wconf 84' lang='lat' dir='ltr'>lecit</span> <span class='ocrx_word' id='word_1_297' title='bbox 530 3563 621 3622; x_wconf 90' lang='lat' dir='ltr'>laude</span> <span class='ocrx_word' id='word_1_298' title='bbox 637 3561 775 3634; x_wconf 80' lang='lat' dir='ltr'>dignum,</span> <span class='ocrx_word' id='word_1_299' title='bbox 799 3562 880 3636; x_wconf 85' lang='lat' dir='ltr'>quod</span> <span class='ocrx_word' id='word_1_300' title='bbox 904 3562 1012 3619; x_wconf 87' lang='lat' dir='ltr'>lurtum</span> <span class='ocrx_word' id='word_1_301' title='bbox 1037 3574 1097 3618; x_wconf 92' lang='lat' dir='ltr'>non</span> <span class='ocrx_word' id='word_1_302' title='bbox 1114 3574 1198 3618; x_wconf 91' lang='lat' dir='ltr'>rece·</span> 
     </span>
     <span class='ocr_line' id='line_1_39' title="bbox 233 3643 1200 3721; baseline 0.001 -19"><span class='ocrx_word' id='word_1_303' title='bbox 233 3643 290 3718; x_wconf 78' lang='lat' dir='ltr'>pitt</span> <span class='ocrx_word' id='word_1_304' title='bbox 310 3645 397 3721; x_wconf 88' lang='lat' dir='ltr'>quod</span> <span class='ocrx_word' id='word_1_305' title='bbox 417 3644 523 3705; x_wconf 87' lang='lat' dir='ltr'>maluit</span> <span class='ocrx_word' id='word_1_306' title='bbox 542 3661 604 3705; x_wconf 88' lang='lat' dir='ltr'>non</span> <span class='ocrx_word' id='word_1_307' title='bbox 621 3646 763 3721; x_wconf 89' lang='lat' dir='ltr'>accipere</span> <span class='ocrx_word' id='word_1_308' title='bbox 782 3661 872 3721; x_wconf 89' lang='lat' dir='ltr'>quam</span> <span class='ocrx_word' id='word_1_309' title='bbox 886 3643 1037 3703; x_wconf 76' lang='lat' dir='ltr'>redderet</span> <span class='ocrx_word' id='word_1_310' title='bbox 1058 3650 1200 3718; x_wconf 88' lang='lat' dir='ltr'>quaeest</span> 
     </span>
    </p>
   </div>
   <div class='ocr_carea' id='block_1_3' title="bbox 0 0 1476 4384">
    <p class='ocr_par' dir='ltr' id='par_1_4' title="bbox 0 0 1476 4384">
     <span class='ocr_line' id='line_1_40' title="bbox 0 0 1476 4384; baseline 0 0"><span class='ocrx_word' id='word_1_311' title='bbox 0 0 1476 4384; x_wconf 95' lang='lat' dir='ltr'> </span> 
     </span>
    </p>
   </div>
  </div>
 </body>
</html>
