2942 4384
393 367 445 429 DE
464 365 677 438 baudricus
699 369 771 431 [ΑΒ.
788 371 840 430 tv.
861 378 995 433 32—35.
1135 369 1177 436 81

201 527 316 597 negati
330 519 388 579 sed
402 516 475 578 nihil
489 517 571 578 uliud
586 518 723 591 invenio,
739 533 795 592 per
810 520 891 593 quod
904 520 1115 594 cogitationem
1128 537 1177 581 re-

202 621 283 679 gam.
316 604 366 661 his
386 602 500 661 veritas
525 601 597 659 mihi
618 600 756 674 vestigiis
778 603 937 676 sequenda
958 611 1014 662 est.
1048 606 1178 664 certiora

201 705 264 748 non
277 687 388 746 habeo.
417 684 548 745 haecut
563 701 653 758 quam
670 684 900 758 diligentissime
915 687 1086 758 aestimem,
1105 704 1178 761 ope·

200 788 267 831 rarn
291 770 373 829 dabo
399 784 457 826 nec
481 768 540 826 cito
559 766 618 827 iilis
639 768 803 826 adsentiar.
837 767 888 840 Sic
908 769 987 828 enim
1010 769 1039 828 in
1062 770 1209 845 proelior

200 860 305 929 potest
320 852 474 925 accidere,
494 858 526 909 ut
540 851 631 910 teium
653 866 754 909 meum
775 852 804 909 in
827 853 1049 913 conmilitonem
1068 871 1177 916 manus

201 937 314 1011 dirigat
327 936 431 1009 aliquo
452 949 555 994 errore
570 934 700 1008 decepta
715 943 746 995 et
759 934 839 995 hosti
854 944 1007 1011 tamquam
1022 953 1090 997 meo
1106 954 1176 1012 par-

201 1036 277 1081 cam.
301 1018 360 1078 sed
371 1018 430 1077 boc
445 1025 474 1077 et
487 1033 557 1076 raro
573 1017 690 1076 accidet
701 1026 730 1077 et
745 1035 805 1076 non
819 1018 890 1077 vitio
903 1036 985 1093 meo,
1005 1021 1091 1080 cuius
1106 1038 1176 1095 pro

199 1103 335 1179 positum
350 1109 398 1160 cst
411 1102 529 1161 hostem
546 1100 650 1173 scrire,
666 1102 764 1160 civem
777 1102 951 1161 defendere.
974 1102 1007 1161 Si
1023 1105 1117 1163 sciam
1131 1107 1175 1163 in-

199 1194 320 1263 gratum
334 1200 423 1255 esse,
445 1200 506 1242 non
523 1181 813 1243 dabobeneficium.
847 1187 907 1257 „At
922 1186 1072 1259 obrepsit,
1088 1196 1118 1248 at
1131 1187 1175 1247 in-

199 1270 334 1345 posuit.“
365 1267 452 1326 Nulla
472 1266 521 1325 bic
543 1267 634 1339 eulpa
651 1268 810 1325 tribuentis
836 1274 897 1338 est,
926 1270 997 1342 quia
1021 1277 1175 1343 tamquam

199 1359 286 1427 grato
313 1350 395 1409 dedi.
439 1349 504 1423 „Si
529 1350 776 1423 promiseris,
803 1348 915 1424 inquit,
941 1358 976 1410 te
1002 1352 1206 1417 daturums

198 1424 438 1495 beneficium
463 1440 499 1492 et
523 1439 667 1506 postea
691 1432 883 1506 ingratum
908 1435 1049 1494 scieris
1077 1452 1174 1508 esse,

199 1519 312 1578 dabis
328 1533 372 1575 an
388 1521 482 1575 nont
514 1514 547 1574 Si
562 1514 654 1587 iaoiS,
677 1516 778 1575 sciens
802 1533 928 1590 peccas:
952 1519 1008 1578 das
1031 1519 1111 1578 enim
1126 1520 1175 1578 cui

199 1617 259 1662 non
282 1600 381 1660 debes
402 1599 485 1657 dare.
516 1600 543 1658 si
565 1614 676 1671 negas,
705 1606 734 1657 et
755 1600 814 1659 hoc
834 1602 926 1661 modo
948 1616 1075 1675 peccas,
1103 1604 1176 1675 quia

199 1701 258 1745 non
280 1684 340 1743 das
357 1683 400 1754 ei,
422 1682 469 1741 cui
492 1682 665 1757 promisisti.
696 1684 883 1743 conscientia
902 1692 1005 1743 vestra
1024 1684 1083 1744 hoc
1105 1686 1173 1747 loco
1236 1721 1241 1738 ι

198 1768 307 1828 titubat
321 1772 351 1824 et
365 1766 438 1824 iliud
454 1764 620 1839 superbum
640 1768 844 1839 promissum,
866 1784 1032 1841 numquam
1052 1770 1174 1841 sapien-

198 1855 257 1909 tem
270 1847 345 1908 iacti
358 1850 405 1907 sui
418 1849 574 1922 poenitere
585 1864 642 1907 neo
658 1864 800 1922 umquam
816 1852 979 1909 emendare
996 1852 1077 1924 quod
1096 1853 1174 1911 iece-

197 1934 233 1993 rit
249 1947 309 1992 nec
323 1939 440 1991 mutare
455 1931 645 1991 consilium.“
675 1932 753 1991 Non
773 1939 889 1991 mutat
908 1934 1068 2005 sapiens
1085 1942 1206 1995 con-4

198 2016 329 2076 silium
354 2015 530 2074 omnibus
556 2014 614 2077 his
638 2015 902 2088 manentibus,
929 2031 1029 2088 quae
1054 2026 1172 2090 erant,

197 2114 266 2159 curn
294 2104 437 2157 sumeret
475 2096 545 2158 ideo
570 2114 736 2171 numquam
761 2097 844 2156 illurn
872 2098 1058 2173 poenitentia
1081 2098 1171 2173 subit,

197 2182 270 2256 quia
285 2180 359 2240 nibii
373 2180 480 2240 melius
495 2180 546 2241 ilio
562 2189 698 2255 tempore
712 2182 779 2240 fieri
792 2182 903 2255 potuit,
924 2198 1015 2256 quam
1032 2184 1113 2257 quod
1129 2185 1142 2241 t
1160 2216 1171 2224 -

197 2273 277 2326 ctum
300 2270 362 2337 est,
385 2264 457 2322 nibil
471 2266 579 2324 meiius
595 2264 750 2336 constitui,
770 2282 860 2339 quam
879 2267 961 2340 quod
978 2266 1171 2326 constitutum

195 2356 251 2409 est.
286 2354 453 2407 ceterum
478 2349 523 2406 ad
546 2347 675 2407 omnia
697 2364 775 2407 curn
798 2348 1031 2423 exceptione
1050 2351 1171 2409 venit:

195 2429 341 2491 sinibii
361 2430 562 2503 inciderit,
586 2431 688 2504 quod
709 2431 896 2504 inpediat.
929 2432 998 2490 ideo
1016 2434 1173 2491 omniaiiii

195 2512 366 2574 succedere
392 2513 520 2573 dicimos
546 2521 575 2573 et
598 2514 669 2572 nibil
695 2521 800 2572 contra
825 2514 999 2587 opinionem
1023 2516 1171 2586 accidere,

195 2599 267 2672 quia
292 2596 460 2671 praesumit
481 2598 580 2657 animo
608 2612 704 2671 posse
726 2595 842 2670 aliquid
866 2595 1061 2669 intervenire,
1088 2598 1171 2670 quod

193 2680 347 2740 destinata
366 2680 533 2753 probibeat.
568 2678 795 2754 Inprudentium
816 2680 875 2739 ista
896 2679 1007 2740 fiducia
1020 2686 1067 2738 est
1082 2681 1204 2740 tortu-5

193 2780 265 2822 nam
281 2763 340 2822 sibi
355 2764 526 2837 spondere:
556 2764 680 2838 sapiens
695 2772 855 2837 utramque
874 2773 987 2839 partem
1008 2765 1073 2826 eius
1090 2766 1171 2839 cogi-

194 2853 244 2906 tat.
268 2847 326 2906 scit
338 2854 481 2920 quantum
496 2848 587 2907 liceat
601 2848 709 2920 errori,
724 2864 815 2922 quam
828 2847 943 2907 incerta
958 2848 1018 2907 sint
1030 2847 1170 2921 humana,

193 2946 288 3005 quam
309 2931 402 2989 muita
423 2929 559 2989 consiliis
575 2929 703 2990 obstent.
735 2929 897 3004 ancipitem
914 2946 1013 2989 rerum
1030 2948 1065 2990 ao
1080 2932 1170 2994 lubri-

192 3028 262 3073 cam
285 3020 397 3073 sortem
420 3030 593 3088 suspensus
614 3013 753 3086 sequitur
770 3020 800 3072 et
815 3014 951 3073 consiliis
969 3015 1058 3073 certis
1074 3015 1171 3072 incer-

190 3103 240 3155 tos
262 3104 393 3156 eventus
419 3100 592 3176 [expendia.
625 3097 774 3171 Exceptio
791 3104 907 3168 autem,
927 3096 994 3156 sine
1015 3112 1076 3167 qua
1096 3094 1171 3159 nihil

190 3179 338 3251 destinat,
361 3180 431 3238 nihii
449 3181 629 3254 ingreditur,
652 3186 681 3239 et
696 3180 744 3239 bic
758 3180 841 3237 iilum
856 3185 965 3236 tuetur.

250 3261 372 3321 XXXV.
405 3263 533 3323 Promisi
558 3263 755 3336 beneficium,
781 3261 840 3320 nisi
865 3260 892 3320 si
919 3260 991 3335 quid
1011 3259 1202 3325 incidissetl

189 3361 287 3418 quare
303 3362 363 3406 non
380 3346 523 3408 deberem
538 3348 621 3406 dare.
655 3346 728 3419 quid
745 3344 840 3415 enim,
862 3345 904 3417 si,
926 3343 1065 3419 quodibi
1082 3343 1168 3417 poili·

188 3428 268 3489 citus
283 3445 360 3502 sum,
379 3430 474 3504 patria
489 3431 545 3490 sibi
562 3432 635 3489 dare
651 3428 794 3488 iusserit?
820 3426 912 3487 silex
927 3426 1066 3501 iataerit,
1083 3443 1120 3485 ne
1136 3426 1168 3486 id

188 3514 353 3587 quisquam
369 3512 466 3581 iaciat,
498 3515 581 3588 quod
597 3528 654 3587 ego
671 3528 719 3570 me
734 3511 831 3572 amico
848 3527 915 3570 nico
932 3512 1080 3569 iacturum
1095 3526 1166 3584 pro·

187 3595 352 3656 miseramt
385 3595 514 3657 Promisi
541 3596 594 3659 tibi
619 3596 712 3659 filiam
736 3595 767 3655 iu
792 3592 1025 3659 matrimonium.
1056 3601 1167 3670 postea

226 3700 332 3739 sunnon
345 3699 413 3739 nuru.
434 3685 466 3738 ll.
623 3679 625 3683 ’
940 3683 957 3741 d
