2942 4384
424 464 476 525 Di:
496 418 715 527 uanioribus
730 468 802 528 LIB.
815 470 866 528 lv.
887 480 984 535 5-7.
1148 473 1189 535 63

217 618 306 679 aliter
320 618 451 678 interdiu
465 619 600 692 fulgens:
623 634 718 693 negas
733 626 763 678 te
777 621 870 679 ultum
884 637 995 681 munus
1011 624 1192 698 accepisset

217 702 340 761 Etcum
357 702 428 773 ista,
453 717 532 776 quae
549 701 660 775 habes,
683 719 793 777 magno
808 704 965 777 aestimeS,
989 706 1070 779 quod
1087 716 1134 766 est
1148 710 1221 773 in-3

217 787 296 859 grati
318 783 465 853 immicis,
492 786 565 844 nutii
582 784 695 843 debere
710 794 739 844 te
760 787 900 845 iudicas?
932 790 1021 847 Unde
1036 789 1088 849 tibi
1103 790 1193 850 istum

219 883 313 943 quem
328 867 423 926 trahis
439 868 599 941 spiritum?
618 870 699 927 unde
713 870 818 942 istam,
835 886 890 944 per
907 888 997 945 quarn
1013 880 1099 931 actus
1115 874 1195 931 vitae

218 951 435 1024 tuaedisponis
452 959 542 1025 atque
553 951 691 1024 ordinas,
706 954 827 1011 lucem?
845 955 927 1013 unde
939 956 1127 1028 sanguinem,
1143 974 1194 1016 cu·

218 1035 267 1094 ius
281 1050 377 1092 cursu
387 1034 487 1092 vitalis
500 1035 669 1094 continetur
677 1037 781 1093 calori
800 1038 882 1095 unde
896 1038 952 1096 ista
964 1040 1098 1112 palatum
1111 1046 1196 1098 tuum

219 1116 386 1191 saporibus
409 1118 569 1190 exquisitis
592 1119 670 1177 ultra
690 1119 857 1177 satietatem
879 1121 1083 1180 incessentiat
1113 1123 1196 1181 unde
1287 1161 1291 1178 .

217 1200 297 1258 haec
318 1201 508 1259 inritamenta
528 1202 587 1259 iam
602 1202 704 1259 iassae
716 1203 904 1275 voluptatist
925 1206 1006 1263 unde
1022 1206 1080 1263 ista
1096 1205 1194 1279 quies,

219 1284 250 1342 iu
265 1300 328 1359 qua
344 1284 495 1357 putrescis
511 1300 547 1341 ao
561 1292 701 1342 marces?
735 1286 858 1356 Nonne,
874 1286 900 1344 si
912 1295 1016 1359 gratus
1029 1304 1079 1362 eS,
1096 1288 1224 1353 dices=4

427 1368 507 1439 licus
520 1369 601 1426 mobis
615 1369 689 1427 boec
703 1371 762 1427 otia
773 1369 857 1441 fecit.

306 1452 441 1525 Namque
454 1454 511 1510 ert't
525 1454 574 1510 iiie
587 1452 662 1509 mibi
674 1468 790 1525 semper
805 1454 891 1524 deus,
914 1453 993 1510 illius
1006 1468 1093 1510 uram

306 1534 404 1609 Saepe
417 1541 500 1594 temer
513 1536 620 1593 nostris
635 1536 671 1593 ob
686 1536 808 1594 ovilibus
821 1537 920 1594 inbuet
932 1552 1037 1609 opttus.

305 1616 366 1676 Ille
379 1634 460 1677 meas
475 1633 582 1676 errore
596 1618 692 1702 boves,
714 1624 748 1677 ut
759 1622 871 1691 cernis,
890 1625 920 1677 et
932 1622 1028 1693 ipsum

305 1700 424 1760 ludere
440 1717 517 1774 quoe
531 1698 633 1759 bellem
650 1704 767 1761 calamo
777 1705 913 1776 permisit
925 1706 1044 1774 aprestt‘.

220 1783 275 1841 lile
297 1783 375 1842 deus
397 1789 444 1841 est
466 1799 527 1842 non
549 1784 600 1857 qui
624 1800 737 1858 paucas
760 1784 873 1857 boves,
894 1786 950 1843 sed
966 1786 1017 1858 qui
1035 1802 1089 1860 per
1104 1793 1224 1846 totum5

222 1866 330 1927 orbem
352 1874 486 1925 armenta
506 1866 632 1938 dimisit,
657 1868 708 1941 qui
724 1868 869 1941 gregibus
883 1868 998 1941 ubique
1015 1869 1129 1942 passim
1146 1886 1196 1927 va-

221 1949 364 2024 gantibus
384 1949 529 2024 pabutum
551 1958 700 2024 praestat,
725 1952 776 2024 qui
800 1966 915 2024 pascua
929 1950 1064 2010 hibernis
1081 1953 1198 2010 aestiva

222 2032 393 2105 substituit,
421 2034 472 2106 qui
493 2050 553 2092 non
572 2034 689 2093 calamo
705 2040 818 2093 tantum
834 2042 956 2092 cantare
974 2042 1003 2092 et
1017 2041 1138 2105 agreste
1154 2040 1196 2092 at-

224 2132 282 2190 que
297 2115 484 2174 inconditum
500 2132 620 2175 carmen
634 2118 674 2175 ad
689 2118 821 2192 aliquam
836 2123 935 2175 tamen
951 2117 1197 2175 observationem

224 2198 374 2258 modulari
391 2199 507 2270 docuit,
531 2200 587 2258 sed
605 2208 649 2259 tot
663 2209 761 2273 arteS,
784 2208 948 2260 totvocum
961 2200 1139 2271 varietates,
1155 2205 1198 2259 tot

225 2298 337 2354 sonos,
359 2281 436 2340 aiios
452 2282 558 2356 spiritu
574 2292 695 2356 nostro,
713 2285 790 2343 alios
803 2292 928 2343 externo
941 2291 1047 2342 cantus
1060 2282 1197 2342 edituros

225 2365 414 2426 'commentus
430 2373 486 2425 est.
521 2366 627 2441 Neque
643 2368 721 2425 enim
737 2376 843 2427 nostra
857 2369 916 2426 ista
930 2382 1009 2441 quae
1025 2368 1225 2425 invenimus6

226 2449 356 2520 dixeriS,
383 2464 446 2507 non
462 2450 573 2521 magis,
596 2466 687 2523 quam
703 2452 787 2525 quod
803 2452 985 2523 crescimus,
1006 2463 1097 2523 quam
1114 2450 1198 2523 quod

226 2533 263 2591 ad
278 2532 475 2593 constitutum
487 2538 655 2605 temporum
667 2550 722 2592 sua
734 2533 856 2608 corpori
874 2533 976 2592 ostiola
991 2532 1196 2607 respondent:

227 2630 304 2675 nunc
321 2615 482 2690 puerilium
499 2615 631 2674 dentium
650 2617 774 2691 lapsus,
797 2633 878 2675 nunc
893 2617 932 2674 ad
948 2622 1121 2688 surgentem
1138 2614 1198 2671 iarn

217 2706 355 2766 ‚aetatem
375 2706 406 2758 et
425 2699 455 2756 in
470 2698 672 2758 robustiorem
688 2700 816 2773 gradum
832 2695 1036 2757 transeuntem
1052 2697 1198 2771 pubertas

230 2783 398 2842 eautdmus
420 2782 470 2841 iiie
491 2782 567 2841 dens
583 2784 719 2857 surgenti
734 2782 877 2841 iuventae
892 2779 1050 2840 terminum
1068 2795 1197 2854 ponens.

229 2864 319 2927 insita
334 2872 406 2925 sunt
420 2863 509 2924 uobis
524 2867 656 2927 omniurn
672 2875 803 2926 aetatum
819 2866 1014 2940 omniumque
1028 2865 1134 2938 artium
1150 2878 1197 2923 se·

230 2949 306 3007 mina
320 2948 528 3023 magisterque
543 2965 581 3008 ex
598 2951 718 3010 occuito
734 2951 812 3009 deus
828 2950 969 3025 producit
984 2948 1114 3023 ingenia.

287 3031 354 3090 vlt.
382 3032 529 3106 „Natura
552 3033 666 3107 iuquit,
687 3032 764 3091 haec
784 3032 856 3092 mihi
873 3037 1039 3106 praestat.“
1071 3032 1137 3089 Non
1154 3029 1225 3091 in·1

231 3114 344 3189 teliegis
354 3122 400 3189 te,
417 3130 484 3172 cum
499 3114 558 3175 hoo
573 3115 665 3188 dicis,
681 3122 796 3175 mutare
810 3132 917 3175 nomen
932 3114 1013 3174 deor
1035 3114 1108 3186 quid
1120 3112 1200 3169 enim

232 3198 308 3257 atiud
329 3205 379 3258 est
401 3205 508 3257 natura
530 3216 621 3274 quam
642 3199 719 3259 deus
741 3206 771 3258 et
791 3200 893 3257 divina
912 3197 989 3255 ratio
1010 3196 1065 3253 toti
1085 3194 1198 3251 mundo

232 3282 428 3355 partibusque
450 3282 516 3341 eius
535 3283 671 3344 inserta?
709 3281 855 3353 Quotiens
868 3280 971 3351 voles,
993 3277 1047 3338 tibi
1062 3278 1132 3336 ticet
1146 3276 1198 3333 ati·

231 3371 272 3422 ter
284 3364 367 3424 bunc
380 3372 535 3424 auctorem
546 3382 646 3425 rerum
659 3372 831 3425 nostrarum
844 3363 1033 3436 conpellare:
1054 3369 1085 3420 et
1095 3361 1199 3419 Iovem

232 3446 309 3507 iilum
325 3448 473 3523 optimum
489 3464 525 3507 ac
538 3449 701 3508 maximum
715 3448 771 3506 rite
787 3447 870 3505 dices
886 3454 915 3505 et
928 3452 1083 3506 tonantem
1098 3452 1128 3502 et
1139 3449 1198 3500 sta-

234 3535 334 3591 torem.
370 3532 423 3606 qui
444 3548 520 3606 non,
541 3539 575 3592 ut
594 3532 729 3592 historici
754 3531 957 3602 tradiderunt,
985 3545 1025 3587 ex
1052 3544 1089 3587 eo
1116 3524 1200 3601 quod

235 3623 299 3687 post
314 3624 420 3676 votum
436 3622 611 3689 susceptum
630 3616 712 3675 acies
726 3616 933 3674 Rornanorum
949 3610 1125 3685 fugientium
1140 3616 1199 3668 ste-

235 3696 277 3772 tit,
297 3701 355 3761 sed
371 3700 456 3775 quod
469 3707 549 3760 stant
558 3699 707 3758 beneficio
721 3698 786 3757 eius
799 3697 912 3771 omnia,
930 3702 1026 3756 stator
1038 3693 1201 3754 stabilitor-
