2942 4384
397 437 556 531 *norun
573 435 734 520 annosa.
757 436 863 495 arar.
885 445 912 497 a.
926 444 953 497 a.
1108 435 1169 503 tat

188 592 339 653 luminum
360 597 534 650 nostrorum
549 595 682 648 moratur
695 594 725 647 et
740 602 777 647 eo
793 588 874 648 unde
888 588 1018 648 exierint
1030 588 1168 651 reflectit

189 693 266 751 ergo
282 670 350 736 ctirn
366 675 459 733 multa
474 672 626 732 stillicidia
640 672 713 750 sint,
729 672 854 730 totidem
869 673 997 746 specula
1011 680 1090 732 sunt.
1112 675 1169 733 sed

192 759 267 835 quia
288 774 384 834 parva
404 764 489 829 sunt,
518 757 594 815 solis
616 757 754 825 colorem
774 753 841 813 sine
865 756 964 829 figura
987 757 1168 829 exprimunt.
1210 756 1233 781 ²

191 843 310 903 Deinde
332 857 400 901 curn
421 842 450 899 in
473 840 632 900 stillicidiis
653 838 924 900 innumerabilibus
946 848 976 899 et
996 842 1063 899 sine
1077 839 1168 899 inter-

192 928 273 987 vallo
296 924 475 984 cadentibus
488 924 634 982 reddatur
648 921 729 981 idem
744 924 845 994 color,
868 924 973 997 incipit
989 924 1082 983 iacies
1098 939 1170 984 esse

193 1024 255 1072 non
269 1008 431 1070 mulierum
447 1006 610 1079 imaginum
621 1013 651 1066 et
662 1003 917 1080 intermissurum,
934 1008 990 1066 scd
1004 1009 1092 1068 unius
1105 1008 1168 1066 lon·

193 1108 252 1169 gae
273 1099 366 1167 atque
382 1089 553 1151 continuae.
588 1089 783 1164 „Quotnodo,
805 1090 923 1165 inquis,
947 1100 977 1151 tu
992 1091 1064 1151 mihi
1079 1094 1199 1153 multas

194 1176 277 1246 milla
298 1174 461 1249 imaginum
481 1174 549 1233 istic
571 1189 642 1233 esse
663 1174 754 1247 dicis,
777 1174 829 1233 ubi
850 1191 908 1249 ego
930 1176 1043 1235 nullam
1061 1176 1173 1237 vident

195 1268 225 1320 et
247 1275 344 1335 quare
365 1264 433 1319 cum
455 1259 530 1318 solis
553 1253 638 1316 color
659 1272 736 1316 unus
762 1257 815 1329 sit,
842 1259 1005 1333 imaginum
1031 1261 1172 1319 diversus

195 1349 290 1404 estt“
332 1342 371 1403 Ut
392 1350 422 1401 et
440 1342 532 1420 haec,
561 1355 640 1415 quae
663 1341 867 1415 proposuisti,
893 1344 1027 1401 rel‘ellam
1049 1350 1079 1401 et
1102 1343 1171 1412 alia,

197 1442 279 1502 quae
299 1443 361 1486 non
382 1425 482 1484 minus
502 1424 670 1505 refellenda
694 1433 786 1493 sunt,
814 1423 888 1484 illud
913 1426 1011 1485 dicam
1036 1432 1172 1499 oportet:

196 1510 271 1571 nibil
292 1510 358 1569 acie
379 1516 483 1569 nostra
504 1508 642 1568 fallacius
663 1524 724 1567 non
747 1516 861 1567 tantum
882 1510 911 1567 in
931 1509 995 1582 his,
1024 1509 1173 1583 aquibus

197 1591 348 1655 subtiliter
368 1592 563 1667 pervidendis
587 1591 668 1651 illam
682 1595 812 1652 locorum
827 1592 988 1652 diversitas
1003 1594 1173 1662 submovet,

193 1679 254 1737 sed
269 1678 361 1736 etiam
376 1676 406 1734 in
422 1675 470 1734 liis
486 1691 625 1750 quoque,
650 1692 728 1749 quae
744 1677 783 1734 ad
803 1692 924 1735 manum
939 1678 1049 1736 cernit:
1071 1692 1174 1736 remus

197 1760 281 1822 tenui
302 1776 384 1833 aqua
397 1758 507 1833 tegitur
520 1766 550 1818 et
565 1755 651 1818 lracti
666 1761 801 1833 speciem
817 1760 928 1821 reddit..
954 1777 1046 1834 poma
1062 1778 1116 1836 per
1132 1760 1174 1817 vi·

197 1852 277 1904 trum
301 1842 541 1917 adspicientibus
557 1843 650 1901 multo
668 1842 785 1903 maiora
799 1852 879 1902 sunt.
907 1846 1115 1904 columnarum
1130 1846 1175 1902 in-

198 1927 326 1989 tervalla
348 1928 482 2001 porticus
505 1926 626 2000 longior
646 1926 750 1999 iungit.
783 1926 833 1985 Ad
848 1927 946 2001 ipsum
963 1930 1059 1986 solem
1075 1934 1217 1985 rever-10

198 2020 280 2072 tere=
308 2009 389 2069 hunc
411 2026 501 2086 quern
522 2014 610 2083 [toto]
632 2017 780 2069 terrarum
801 2009 875 2069 orbe
896 2012 1040 2070 maiorem
1068 2010 1177 2084 probat

198 2094 293 2168 ratio,
314 2096 396 2153 acies
418 2090 524 2153 nostra
543 2091 589 2153 sic
605 2094 769 2165 contraxit,
791 2101 824 2153 nt
838 2094 994 2168 sapientes
1011 2092 1066 2152 viri
1083 2093 1175 2168 peda·

199 2180 260 2239 lem
276 2192 349 2237 esse
364 2178 591 2238 contenderent.
621 2193 711 2251 quem
728 2176 953 2236 velocissimum
970 2177 1102 2237 omnium
1118 2176 1177 2235 sci·

199 2277 286 2333 mus,
307 2275 398 2321 nemo
420 2269 556 2321 nestrum
577 2260 695 2318 moveri
708 2260 813 2335 -vidct,
836 2277 893 2320 nec
913 2261 958 2321 ire
973 2261 1178 2333 crederemus

199 2345 259 2405 nisi
282 2344 445 2418 adpareret
464 2343 538 2405 isse.
566 2344 712 2403 mundum
730 2345 830 2419 ipsum
846 2345 1003 2420 praecipiti
1019 2345 1179 2404 velocitate

199 2428 354 2489 labentem
376 2436 406 2488 et
426 2435 509 2488 ortus
526 2442 720 2501 occasusque
735 2429 814 2489 intra
832 2438 1016 2488 momentum
1032 2429 1178 2502 temporis

200 2512 412 2572 revolventem
432 2526 521 2570 nenio
542 2518 678 2570 nostrum
695 2513 786 2572 sentit
803 2513 988 2586 procedere:
1014 2513 1087 2587 qnid
1104 2527 1178 2585 ergo

201 2594 340 2669 niuamS,
367 2595 394 2654 si
415 2595 495 2655 oculi
515 2595 612 2654 nostri
635 2594 773 2654 imbrium
791 2594 942 2656 stillicidia
959 2612 1020 2654 non
1036 2601 1180 2669 separant

201 2687 233 2740 et
253 2678 369 2753 ingenti
384 2679 483 2753 spatio
497 2679 683 2738 intuentibus
698 2679 878 2738 minutarum
894 2678 1056 2752 imaginum
1072 2676 1179 2735 discri-

201 2778 273 2822 men
294 2762 415 2821 interita
448 2760 524 2821 illud
546 2761 671 2821 dubium
690 2777 762 2822 esse
778 2762 850 2821 nulli
867 2767 981 2835 petest,
1002 2762 1073 2836 quin
1089 2774 1221 2827 arcusll

202 2847 305 2919 imago
326 2846 402 2906 solis
424 2846 464 2904 sit
485 2846 609 2906 roscida
626 2854 656 2906 et
670 2861 747 2905 cava
760 2846 841 2905 nube
857 2852 1016 2919 concepta.
1043 2845 1126 2920 quod
1141 2860 1181 2903 ex

202 2930 264 2990 hoc
279 2927 333 2988 tibi
347 2929 508 3003 adpareat:
531 2945 696 3003 numquam
711 2946 771 2990 non
787 2930 918 2988 adversa
933 2928 990 2988 soli
1006 2935 1067 3002 est,
1088 2928 1180 2989 subli-

203 3014 263 3073 mis
285 3011 495 3086 autunnalis,
523 3019 613 3088 prout
631 3013 682 3073 ille
703 3029 737 3072 se
759 3012 900 3073 submisit
919 3020 971 3072 aut
993 3014 1129 3085 sustulit,
1151 3012 1182 3069 in

203 3096 391 3158 contrarium
411 3104 501 3155 mota.
531 3096 582 3157 illo
602 3098 682 3155 enim
703 3098 912 3157 descendente
930 3096 1019 3155 altior
1038 3104 1099 3167 est,
1121 3097 1182 3155 alto

204 3181 396 3257 depressior.
430 3180 532 3255 Saepe
553 3180 622 3241 talis
643 3180 742 3240 nubes
763 3197 781 3239 a
801 3181 895 3239 latere
912 3179 986 3238 solis
1002 3186 1048 3237 est
1064 3194 1120 3236 nec
1136 3193 1182 3234 ar-

206 3280 277 3327 cum
295 3264 405 3337 elficit,
421 3264 568 3339 quianon
584 3279 622 3323 ex
638 3270 721 3324 recto
735 3264 896 3337 imaginem
912 3254 1009 3321 trabit.
1041 3260 1183 3321 varietas
1193 3268 1225 3320 ta

206 3354 309 3409 autern
329 3364 392 3408 non
412 3348 452 3407 ob
473 3348 562 3407 aliam
578 3362 701 3407 causam
717 3347 764 3419 fit,
788 3361 879 3422 quam
895 3347 966 3420 quia
982 3362 1053 3420 pars
1070 3344 1183 3406 coloris

205 3433 276 3493 sole
295 3438 345 3491 est
365 3447 490 3507 sparsa,
506 3448 584 3507 pars
598 3431 628 3489 in
643 3432 723 3490 nube
741 3431 800 3490 illa.
827 3430 936 3490 humor
952 3431 1075 3507 [autem]
1090 3428 1183 3487 modo
1214 3460 1217 3466 ,

207 3515 368 3577 caendeas
388 3514 502 3588 lineaS,
525 3514 617 3574 modo
640 3516 768 3586 virides,
790 3514 882 3573 modo
899 3530 1053 3588 purpurae
1069 3512 1183 3573 similes

206 3607 238 3661 et
255 3600 355 3659 luteas
372 3607 424 3659 aut
441 3598 547 3673 igneas
562 3598 645 3657 ducit
659 3597 780 3657 duobus
795 3598 949 3658 coloribus
966 3598 1046 3657 hanc
1060 3597 1183 3656 varieta-

206 3692 270 3745 tem
283 3681 502 3764 erodentibus,
521 3681 653 3744 remisso
666 3690 695 3743 et
709 3681 834 3743 intento.
857 3682 903 3748 sic
917 3680 998 3741 enirn
1009 3690 1039 3741 ct
1050 3696 1185 3757 purpura
