2942 4384
346 438 402 499 ΒΕ·
417 439 629 500 BENEFICIIS
651 440 723 516 LIB.
735 442 787 500 Vl.
812 452 944 505 25—28.
1072 442 1131 507 123

150 592 211 678 iam
234 593 375 666 ingratus
396 606 440 651 es.
468 594 604 651 nondum
618 593 710 653 audio
726 595 800 668 quid
816 596 856 654 illi
873 596 948 655 velis
965 604 1130 670 praestare.

151 668 219 736 scio
244 676 318 750 quid
341 677 423 735 illum
444 676 521 735 velis
543 677 614 749 pati.
652 676 893 737 Sollicitudinem
914 678 955 737 illi
974 689 1004 739 et
1021 689 1131 752 metum

151 766 181 818 et
194 759 296 818 maius
308 759 452 832 aliquod
446 760 611 833 inprecaris
623 762 745 819 malum.
764 770 853 833 optas
869 768 901 820 ut
912 778 971 835 ope
983 764 1130 836 indigeat:

151 839 213 901 hoc
235 850 344 901 contra
362 842 444 900 illum
462 851 518 901 est.
541 850 630 915 optas
642 851 679 902 ¹ut
694 851 744 902 tua
757 844 892 918 indigeat
906 862 979 920 ope:
999 847 1058 905 hoc
1075 863 1129 919 pro

151 930 181 984 te
209 933 268 985 331.
304 940 365 983 non
395 940 572 984 succurrere
598 926 645 984 vis
671 926 731 999 illi,
761 927 816 985 sed
845 930 985 987 solvere=
1013 929 1063 1003 qui
1085 929 1130 988 sic

153 1015 316 1082 properat,
334 1008 413 1066 solvi
430 1009 505 1080 vult,
522 1025 582 1067 nou
594 1008 724 1068 soluere.
754 1011 798 1069 lla
812 1012 897 1084 quod
913 1028 1004 1069 uuum
1017 1012 1044 1069 in
1060 1015 1159 1071 votoa

154 1099 204 1150 tuo
220 1090 384 1151 honestum
400 1091 497 1149 videri
511 1099 645 1166 poterat,
655 1092 763 1165 'ipsum
776 1101 862 1167 turpe
875 1101 904 1152 et
914 1093 1061 1167 ingratum
1074 1102 1130 1167 est,

156 1174 236 1232 nolle
256 1172 381 1233 debere.
410 1181 497 1248 optas
518 1176 612 1246 enim,
636 1192 695 1232 non
717 1181 751 1233 ut
771 1182 802 1234 tu
825 1177 995 1236 facultatem
1016 1178 1130 1237 habeas

156 1257 337 1316 referendae
358 1258 486 1329 gratiae,
509 1256 564 1315 sed
578 1264 611 1317 ut
626 1258 676 1315 ille
693 1259 905 1317 necessitatem
921 1261 1130 1334 inplorandae.

158 1338 354 1414 Superiorem
375 1346 405 1397 te
426 1338 501 1398 facis
523 1346 568 1412 et,
592 1341 674 1413 quod
698 1342 794 1399 netas*
807 1350 868 1413 est,
894 1342 973 1400 berre
994 1344 1130 1402 meritum

157 1424 194 1481 ad
209 1422 309 1497 pedes
326 1428 395 1480 tuos
410 1422 511 1481 mittis.
535 1431 647 1496 quanto
664 1424 761 1482 satius
774 1432 822 1483 est
836 1424 966 1485 honesta
978 1426 1132 1485 voluntate

158 1506 271 1565 debere
292 1520 384 1579 quam
404 1520 460 1579 per
478 1506 589 1564 malam
602 1505 749 1566 rationem
766 1509 907 1566 solveret
942 1508 1160 1575 similiare-3

157 1588 197 1647 ris
212 1588 297 1662 quod
315 1602 495 1663 acceperas,
510 1588 609 1648 minus
622 1605 779 1663 peccares.
803 1591 876 1649 nihil
887 1593 964 1649 euim
978 1592 1035 1650 nisi
1048 1594 1132 1665 qarod

157 1769 220 1813 rum
236 1769 379 1826 suarum,
401 1762 431 1814 et
445 1762 541 1814 status
556 1756 719 1814 mutatione
734 1757 764 1815 in
780 1757 810 1814 id
822 1757 988 1830 devocare,
1010 1766 1042 1816 ut
1053 1756 1132 1815 intra

157 1836 307 1896 beneficia
328 1853 385 1896 sua
399 1837 504 1897 iaceat.
542 1838 665 1897 Gratum
680 1844 709 1896 te
726 1839 860 1913 putabo?
888 1854 989 1898 coram
1006 1855 1058 1912 eo,
1081 1842 1130 1899 cui

157 1919 392 2012 processeris,
414 1928 497 2015 opta
531 1921 675 1980 Votumt
664 1926 695 1979 tu
719 1923 797 1980 istuc
815 1937 923 1992 uocas,
949 1923 1032 1995 quod
1054 1923 1131 1981 inter

157 1981 275 2097 gratum
293 2009 324 2061 et
341 2002 493 2062 inimicum
515 2019 555 2076 po
557 2010 617 2063 test
630 2003 745 2062 dividit
768 2004 849 2077 quod
867 2019 925 2061 uon
942 2004 1062 2063 dubites
1078 2005 1130 2063 ad-

156 2085 329 2145 versarium
343 2092 373 2144 et
386 2086 505 2145 hostem
522 2087 646 2159 iecisse,
668 2087 695 2144 31
711 2094 847 2146 extrema
861 2092 1036 2145 taceantur?
1070 2087 1130 2145 Ho-
1141 2096 1159 2147 4

159 2176 218 2227 stes
241 2183 369 2241 quoque
391 2175 571 2241 optaverunt
593 2184 705 2242 capere
727 2170 875 2244 quasdam
891 2168 998 2241 urbes,
1020 2176 1053 2227 ut
1068 2185 1129 2227 ser-

158 2257 278 2321 varent,
308 2256 339 2310 et
361 2250 481 2310 vincere
503 2251 667 2324 quosdam,
695 2260 729 2311 ut
748 2251 957 2325 ignoscerent,
980 2267 1037 2310 nec
1061 2251 1130 2310 ideo

159 2348 215 2392 non
235 2330 360 2391 hostilia
379 2340 460 2392 vota.
489 2333 518 2391 in
541 2334 651 2406 quibus
668 2336 750 2408 quod
770 2334 959 2393 mitissimum
975 2340 1036 2406 est,
1060 2342 1132 2408 post
1162 2369 1168 2378 -

160 2414 365 2475 crudelitatem
389 2417 480 2475 venit.
522 2418 660 2490 Denique
687 2418 789 2491 qualia
813 2434 884 2476 esse
908 2417 1025 2476 iudicas
1050 2426 1158 2491 votae

160 2514 233 2571 quac
250 2513 342 2557 nemo
357 2498 409 2556 tibi
424 2500 523 2558 minus
537 2501 620 2558 volet
636 2516 724 2572 quam
741 2500 782 2573 is,
807 2517 862 2574 pro
879 2517 939 2573 quo
955 2500 1045 2572 liunt,
1061 2516 1129 2559 suc-

161 2582 288 2640 cederet
310 2580 445 2658 pessime
461 2598 527 2641 cum
544 2597 580 2640 eo
597 2582 679 2656 agis,
703 2582 752 2642 cui
767 2584 813 2641 ris
829 2600 847 2641 a
862 2584 909 2641 dis
926 2583 1044 2650 noceri,
1068 2599 1085 2639 a
1101 2589 1130 2640 te

161 2664 310 2735 succurri,
329 2663 433 2737 inique
449 2681 516 2723 cum
531 2666 607 2739 ipsis
625 2666 682 2723 dis
705 2665 764 2723 illis
777 2667 855 2723 euim
869 2664 1048 2723 durissimas
1062 2680 1129 2736 par-

160 2754 201 2806 tes
215 2746 357 2822 inponis,
377 2747 429 2805 tibi
445 2748 609 2807 humanas:
630 2755 664 2806 ul
679 2757 709 2807 tu
725 2748 843 2822 prosis,
860 2746 891 2805 di
906 2748 1068 2805 nocebunt·
1099 2744 1158 2807 Sic

161 2837 365 2890 accusatorem
389 2830 596 2903 submittereS,
626 2848 715 2904 quem
742 2832 852 2889 deiude
878 2845 1075 2900 removeres,
1105 2830 1131 2888 si

161 2913 258 2987 aliqua
274 2912 359 2971 illum
373 2912 423 2971 lite
437 2912 616 2987 inplicares‚
633 2931 721 2987 quam
736 2913 866 2972 subinde
878 2915 1062 2986 discutereS,
1079 2930 1129 2971 ne·
1175 2925 1177 2930 '

161 3010 203 3054 mo
224 2996 267 3053 de
288 3002 342 3054 tuo
364 2998 480 3054 scelere
498 2996 663 3056 dubitaret:
687 2998 759 3071 quid
774 2996 913 3065 interest,
938 3005 1036 3055 utrum
1052 2998 1131 3055 istuc

161 3078 262 3137 laude
280 3084 444 3152 temptetur
465 3095 503 3137 an
525 3086 610 3150 vote,
634 3080 692 3137 nisi
713 3080 796 3152 quod
818 3080 1005 3151 potentiores
1022 3080 1062 3136 illi
1076 3080 1129 3136 ad-

161 3160 312 3220 versarios
328 3162 476 3234 quaerisa
509 3162 638 3222 Non'est
653 3163 735 3235 quod
750 3162 851 3222 dicas:
873 3177 984 3233 „quam
997 3162 1076 3217 enim
1090 3160 1158 3217 11117

161 3242 295 3303 iniuriam
316 3244 441 3304 iaciot“
475 3254 576 3304 votum
597 3251 680 3303 tuum
702 3251 754 3302 aut
773 3257 997 3315 supervacuum
1012 3248 1060 3298 est
1079 3249 1131 3299 aut

162 3324 351 3399 iniuriosum,
371 3327 462 3386 immo
481 3326 676 3396 iniuriosum,
694 3325 813 3385 etiamsi
828 3323 963 3382 inritum:
985 3322 1131 3397 quicquid

163 3423 213 3469 nou
231 3409 348 3482 efficis,
370 3411 419 3468 dei
434 3426 546 3469 munus,
560 3416 620 3481 est,
643 3409 750 3467 iniuria
767 3422 854 3479 vero,
871 3407 1015 3481 quicquid
1031 3413 1129 3481 optas.

165 3494 200 3561 [id
216 3496 315 3566 speum
335 3495 415 3565 quod
433 3495 615 3569 optus,]·sat
636 3500 696 3550 est:
723 3490 777 3549 tibi
799 3506 859 3550 non
880 3492 966 3550 aliter
983 3490 1130 3549 debemus
1207 3496 1211 3503 ’

164 3571 260 3647 irasci,
282 3591 374 3648 quatu
390 3575 415 3634 si
432 3576 607 3648 perfeceris.

215 3658 351 3719 XXVlll.
381 3658 435 3733 „Si
456 3666 541 3732 vota,
566 3657 675 3734 inquit,
698 3657 884 3721 valuissent.
907 3663 937 3716 et
955 3653 985 3713 in
1006 3653 1064 3713 hoc
1079 3663 1155 3714 vat-l
