2942 4384
350 411 353 416 .
397 308 681 425 oecumenicus
702 362 852 425 travit.
876 373 975 426 a-t-
1113 364 1175 429 137

195 512 426 588 tranquilloque
445 516 539 575 tutela
555 510 621 587 est,
642 514 682 574 ita
699 513 749 573 hic
765 513 867 574 ollicia
882 529 953 586 sua,
978 512 1117 588 quamvis
1131 518 1174 576 la·

195 597 316 659 tissime
332 604 468 671 pateant,
492 598 558 656 sine
572 599 698 657 tumultu
713 596 777 657 obit
792 605 821 656 et
840 612 929 656 omne
944 597 1107 657 humanum
1121 615 1173 673 ge·

195 696 257 740 nus
277 679 509 755 potentissimus
525 680 591 739 'cius
610 681 806 755 optimusque
820 680 898 738 inlra
912 695 947 738 se
962 681 1053 739 videt.
1089 682 1202 742 lieri-3

196 763 274 823 deas
293 762 379 823 licet:
406 763 535 837 ingentis
558 763 682 837 spiritus
697 778 746 822 rcs
762 770 823 835 est,
845 778 914 822 cum
930 763 1074 822 orientem
1091 764 1171 823 occi-

196 847 382 920 dentemque
411 846 589 906 lustraveris
619 847 741 919 animo,
774 862 836 922 quo
868 847 959 905 etiam
992 855 1109 907 remota
1142 853 1173 907 et

196 928 414 989 solitudinibus
441 928 604 989 interclusa
629 937 840 1004 penetrantur,
869 945 938 988 cum
960 937 1002 989 tot
1022 930 1171 1004 animalia,

193 1018 310 1071 tantam
325 1010 446 1084 copiam
461 1028 578 1084 rerum,
594 1028 671 1085 quas
686 1020 793 1071 natura
802 1012 978 1071 beatissime
996 1013 1101 1085 tundit,
1117 1012 1171 1071 ad·

195 1094 355 1168 spexeris,
367 1094 502 1154 emittere
513 1094 592 1153 hanc
604 1095 653 1153 dei
664 1110 787 1154 voccm=
809 1094 886 1154 haec
898 1093 1078 1155 omniamea
1091 1104 1171 1156 sunt

147 1190 149 1194 ·
196 1175 250 1235 Sic
264 1176 313 1246 fit,
330 1182 364 1235 ut
378 1176 450 1234 nihil
465 1178 582 1251 cupiat,
599 1178 670 1250 quia
684 1176 758 1235 nilril
773 1184 821 1237 est
834 1178 1044 1237 extraomnia.

258 1257 312 1317 lV.
335 1258 421 1331 „Hoc
431 1259 547 1333 ipsum,
569 1260 686 1334 inquis,
699 1261 798 1320 volui:
821 1261 1198 1322 teneote.volovidere1

195 1341 355 1416 quomodo
376 1358 416 1400 ex
436 1341 483 1401 his
504 1342 638 1415 laqueis,
662 1344 691 1401 in
713 1358 792 1416 quos
818 1349 870 1401 tua
890 1349 1000 1416 sponte
1021 1342 1169 1417 decidisti,

194 1422 372 1498 expliceris.
410 1426 465 1485 Dic
485 1424 573 1497 milri,
602 1426 915 1499 quemadmodum
944 1431 1076 1500 potest
1098 1427 1169 1485 ali-

195 1506 287 1581 quis
326 1507 471 1568 donare
508 1508 698 1583 sapienti,
742 1508 775 1567 si
810 1508 938 1567 omnia
973 1508 1169 1582 sapientis

195 1595 313 1649 sunt?
338 1606 406 1648 nam
422 1590 452 1649 id
469 1606 608 1666 quoquc,
630 1592 714 1665 quod
729 1590 771 1650 illi
786 1592 893 1663 donat,
909 1591 1007 1666 ipsius
1022 1598 1077 1651 est.
1111 1593 1168 1651 lta-

196 1689 258 1747 que
279 1688 340 1732 non
360 1680 463 1747 potest
479 1673 548 1733 ‘dari
567 1674 749 1735 beneficium
774 1675 920 1749 sapienti,
947 1672 996 1734 cui
1021 1673 1169 1749 quicquid

157 1767 165 1780 “
195 1756 295 1829 datur,
317 1755 356 1815 de
378 1772 435 1815 suo
455 1757 558 1815 datur:
582 1758 665 1830 atqui
682 1757 780 1816 dicitis
796 1758 924 1832 sapienti
942 1773 1036 1831 posse
1050 1759 1168 1819 donari.

193 1838 278 1897 Idem
295 1845 396 1897 antem
410 1854 459 1898 me
473 1840 550 1899 scito
566 1846 597 1899 et
610 1840 650 1899 de
666 1840 771 1899 amicis
787 1840 985 1912 interrogare:
1007 1842 1108 1899 omnia
1124 1840 1167 1900 di-

195 1920 262 1981 citis
275 1920 334 1979 illis
347 1923 613 1995 essecommunia‚
629 1938 702 1994 ergo
724 1937 830 1981 nemo
852 1922 1056 1997 quicquam
1078 1924 1166 1981 ami-

195 2018 238 2062 co
260 2004 405 2063 donaro
425 2011 569 2079 potest:
591 2006 709 2065 donat
729 2004 825 2064 enim
847 2005 906 2063 illi
927 2005 1168 2064 communia.“

193 2085 273 2145 Nihil
289 2086 431 2159 prohibet
444 2087 558 2162 aliquid
572 2094 602 2147 et
615 2088 761 2162 sapientis
776 2103 848 2147 esse
862 2094 892 2148 et
905 2087 993 2145 etiam
1009 2088 1091 2160 eius,
1114 2088 1194 2162 quit

194 2169 350 2244 possidet,
374 2169 427 2230 cui·
438 2171 541 2230 datum
555 2178 585 2231 et
598 2172 789 2245 adsignatum
802 2178 859 2231 est.
895 2173 963 2231 Iure
975 2170 1054 2229 civili
1067 2172 1168 2231 omnia

167 2299 170 2305 r
193 2250 278 2327 regis
295 2258 381 2312 sunt.
402 2260 433 2312 et
445 2260 544 2313 tanren
560 2254 625 2328 illa,
648 2271 777 2327 quorum
793 2255 832 2313 ad
847 2270 949 2329 regem
964 2255 1092 2327 pertinet
1103 2254 1167 2313 uni·

193 2350 288 2395 versa
308 2335 485 2410 possessio,
509 2337 539 2394 in
560 2337 697 2411 singulos
720 2338 861 2397 dominos
883 2339 1039 2411 descripta
1054 2344 1168 2398 suntet

193 2434 399 2493 unaquaeque
419 2434 469 2479 res
488 2419 581 2479 habet
599 2436 814 2495 possessorem
836 2438 943 2479 sunm:
970 2422 1073 2495 itaque
1093 2421 1167 2480 darc

193 2502 258 2574 regi
279 2508 309 2560 et
331 2501 453 2561 domum
468 2510 498 2562 ct
511 2503 692 2578 mancipium
708 2513 737 2563 et
752 2503 912 2578 pecuniam
928 2519 1094 2576 possumus
1109 2518 1167 2562 nec

195 2584 312 2643 donare
326 2584 369 2644 illi
383 2586 422 2645 de
436 2602 493 2645 suo
509 2585 644 2645 dicimur.
666 2587 705 2644 ad
719 2601 810 2659 reges
825 2584 903 2644 enim
919 2592 1055 2658 potestas
1072 2584 1166 2643 omni-

193 2682 242 2727 um
256 2667 401 2741 pertinet,
418 2669 457 2727 ad
468 2668 605 2743 singulos
618 2669 800 2743 proprietas.
833 2668 923 2727 Fines
934 2666 1194 2725 Atheniensinmt

193 2758 243 2810 aut
265 2749 488 2824 Campanorum
509 2768 672 2824 vocamuS‚
697 2768 776 2826 quos
797 2751 908 2811 deinde
928 2751 1005 2810 inter
1025 2766 1060 2809 se
1076 2749 1172 2811 viciniv

193 2833 313 2906 privata
328 2834 536 2894 terminatione
551 2835 747 2909 distinguunt.
770 2842 800 2894 ct
812 2842 895 2895 totus
911 2850 983 2908 ager
998 2837 1098 2907 [illius]
1114 2840 1167 2892 aut

192 2914 273 2975 illius
288 2914 474 2989 reipublicae
488 2927 554 2991 est,
581 2935 652 2993 pars
674 2919 784 2978 deinde
799 2935 856 2979 suo
878 2919 1001 2978 domino
1024 2932 1166 2992 quaeque

193 3004 347 3058 censetur.
369 3000 502 3074 ideoque
516 3002 631 3061 donare
646 3016 739 3075 agros
755 3009 878 3061 nostros
892 3000 1078 3073 reipublicae
1093 3016 1165 3074 pos-

193 3097 310 3154 sumus,
327 3083 465 3156 quamvis
477 3083 556 3144 illius
568 3100 640 3143 esse
651 3085 798 3157 dicantur,
814 3083 886 3157 quia
897 3084 984 3141 aliter
995 3081 1073 3140 illins
1085 3088 1164 3152 sunt,

192 3164 280 3223 aliter
290 3166 360 3223 mei.
387 3167 539 3241 Numquid
551 3165 675 3226 dubium
688 3173 743 3239 est,
758 3167 829 3240 quin
843 3180 951 3224 servus
965 3179 1032 3222 eum
1046 3164 1195 3236 peculini

192 3246 309 3307 domini
320 3248 380 3307 sitt
401 3250 454 3310 dat
467 3257 565 3309 tamen
579 3250 702 3309 domino
714 3265 772 3308 suo
785 3264 904 3307 munus.
927 3247 1079 3306 nonenim
1094 3246 1165 3305 idco

192 3329 265 3389 nihil
285 3330 378 3391 habet
397 3348 521 3403 servus,
544 3333 615 3407 quia
638 3349 698 3391 non
721 3340 770 3391 cst
788 3331 961 3404 habiturus,
983 3332 1009 3390 si
1023 3328 1164 3388 dominus
1226 3402 1228 3405 Ι

192 3412 274 3472 illurn
295 3412 409 3474 habere
424 3416 563 3475 noluerit.
585 3431 641 3474 nec
656 3416 726 3474 ideo
743 3431 802 3474 non
819 3422 867 3474 ost
880 3430 1004 3485 munus,
1027 3428 1095 3472 cum
1112 3428 1164 3471 vo·

191 3578 357 3638 admodum
379 3580 543 3655 probemus
562 3583 684 3641 omnia?
712 3598 792 3641 nunc
807 3582 885 3640 enim
901 3580 1002 3639 omnia
1016 3579 1164 3653 sapientis

192 3676 264 3722 csse
282 3662 361 3722 inter
380 3665 459 3724 duos
482 3665 638 3726 convenit:
660 3666 733 3725 illud
752 3665 835 3741 qnod
851 3664 1006 3738 quaeritur
1021 3662 1164 3738 colligen-
