2942 4384
319 456 381 520 150
595 453 628 513 L.
650 453 797 513 ANNAEl
820 451 994 513 SENECAE

422 608 474 681 qni
486 605 618 665 candore
630 605 710 663 niues
724 604 883 676 anubem,
903 602 1039 664 cursibus
1051 620 1154 677 auras,

318 691 402 765 quod
424 706 483 748 non
506 695 624 763 poterat
638 687 704 745 fieri
720 686 809 759 dixit,
829 693 861 746 ut
875 687 1048 746 crederetur
1063 695 1211 763 quantum
1227 690 1289 765 piu·

317 775 423 833 rimum
440 781 554 846 posset.
588 771 625 829 Et
640 768 691 844 qui
706 770 781 829 dixit

421 858 467 914 lu's
480 855 643 915 inmobilior
656 856 797 927 scopulis,
819 854 969 912 uiolentior
982 869 1078 927 omne,

318 939 429 1000 nemini
445 938 504 997 hoc
521 936 643 1011 quidem
657 951 691 994 se
706 952 922 1009 persuasurum
939 936 1068 1009 putavit,
1085 937 1220 1011 aliquem
1232 944 1290 997 tam

289 1027 306 1077 u
319 1021 491 1082 inmobilem
503 1035 673 1093 essequam
686 1019 855 1093 scopulum.
877 1019 1046 1091 Numquam
1060 1026 1174 1079 tantum
1188 1029 1292 1095 sperat

318 1104 489 1179 hyperbole
511 1110 653 1178 quantum
677 1103 782 1173 audet,
804 1102 860 1161 sed
882 1102 1068 1161 incredibilia
1085 1104 1240 1174 adfirmat,
1261 1112 1291 1163 ut

318 1189 358 1249 ad
377 1186 532 1246 eredibilia
552 1187 718 1260 perveniat
762 1185 835 1245 Cum
857 1185 1002 1244 dicimus:
1031 1185 1083 1259 qui
1107 1186 1290 1245 beneficium

319 1272 415 1342 dedit,
439 1270 649 1341 obliviscatur,
671 1269 730 1327 hoc
751 1266 894 1327 dicimus:
917 1268 1023 1327 similis
1044 1268 1083 1327 sit
1097 1270 1201 1352 oblito,
1229 1285 1289 1329 me

290 1355 307 1408 3
321 1355 415 1413 moria
431 1354 497 1412 eius
518 1370 578 1413 non
594 1352 742 1425 adpareat
755 1366 812 1410 nec
826 1351 967 1412 incurrat.
1007 1352 1078 1411 Cum
1093 1352 1223 1412 dicimus
1238 1352 1289 1412 be·

318 1436 458 1497 aeficium
478 1436 574 1511 repeti
596 1452 656 1494 non
678 1440 836 1508 oportere,
858 1451 920 1494 non
941 1451 980 1494 ex
1000 1443 1062 1495 toto
1079 1435 1289 1509 repetitionem

319 1522 466 1580 tollimus:
489 1534 582 1593 saepe
596 1518 675 1578 enim
691 1534 770 1591 opus
786 1525 833 1576 est
847 1516 934 1576 malis
949 1525 1107 1590 exactore,
1129 1519 1220 1578 etiam
1236 1519 1289 1579 bo-

319 1603 366 1662 nis
389 1602 604 1661 admonitione.
639 1600 715 1673 Quid
735 1607 832 1673 ergo?
853 1600 1046 1660 occasionem
1062 1600 1213 1674 ignoranti
1230 1619 1288 1663 non

319 1686 498 1745 ostendam?
531 1683 730 1741 necessitates
755 1682 797 1741 illi
819 1699 903 1743 meas
924 1699 985 1742 non
1006 1684 1167 1757 detegam?
1195 1702 1290 1759 quare
1328 1700 1331 1704 ·

319 1768 457 1826 nescisse
483 1782 517 1825 se
542 1773 594 1825 aut
613 1766 772 1825 mentiatur
796 1772 847 1825 aut
872 1767 998 1826 doleat?
1028 1767 1213 1828 Interveniat
1236 1769 1289 1827 aii·

319 1849 442 1924 quando
458 1848 637 1923 admonitio,
658 1850 714 1909 sed
729 1851 917 1924 verecunda,
937 1866 1017 1925 quac
1031 1866 1091 1909 non
1108 1859 1219 1926 poscat
1233 1866 1289 1911 nee

317 1934 348 1992 in
363 1934 411 1992 ius
426 1938 525 1991 vocet.
1074 1960 1078 1963 ·

291 2020 305 2069 1
379 2016 485 2075 ΧΧΝ.
507 2014 650 2076 Socrates
667 2015 773 2075 amicis
787 2015 994 2088 audientibus,
1017 2018 1162 2088 emissent,
1182 2016 1288 2092 inquit,

278 2161 281 2167 ,
313 2102 455 2175 pallium,
477 2102 504 2159 si
516 2116 647 2159 nummos
660 2101 807 2159 balmum.
837 2098 992 2158 Neminem
1008 2101 1165 2174 poposcit,
1180 2116 1289 2161 omnes

319 2182 485 2242 admonuit
516 2198 615 2255 aquo
637 2182 803 2256 acciperet,
823 2181 953 2242 ambitus
974 2183 1037 2242 luit.
1064 2182 1169 2258 quidni
1185 2190 1291 2244 esset?

319 2265 495 2339 quantulum
510 2265 588 2322 enim
604 2273 681 2337 erat,
698 2266 782 2339 quod
797 2263 940 2326 Socrates
954 2264 1144 2340 accipiebat?
1167 2272 1199 2324 at
1214 2267 1289 2326 mul·

285 2350 302 2400 2
317 2355 379 2407 tum
393 2353 458 2405 erat
472 2360 540 2404 eum
562 2346 673 2419 luisse,
696 2364 714 2406 a
729 2364 789 2422 quo
806 2347 949 2408 Socrates
964 2350 1126 2423 acciperet
1161 2348 1241 2408 Num
1255 2348 1289 2408 il·

317 2429 364 2489 los
388 2429 537 2502 castigare
558 2431 677 2490 mollius
695 2432 811 2505 potuit?
844 2432 999 2505 Emissem,
1019 2432 1130 2506 inquit,
1150 2435 1288 2507 pallium,

316 2515 344 2572 si
355 2528 484 2573 nummos
494 2513 640 2572 baimam.
668 2512 741 2573 Post
749 2514 809 2572 hoc
822 2513 962 2588 quisquis
975 2515 1201 2591 properaverit,
1217 2531 1288 2576 sero

317 2596 378 2655 dat.
400 2594 459 2654 iam
476 2595 593 2655 Socrati
607 2597 712 2656 deluit.
744 2597 872 2669 Propter
885 2598 1014 2658 acerbos
1025 2603 1186 2657 exactores
1198 2613 1287 2673 repe-

317 2687 381 2739 tere
398 2679 606 2753 prohibemus,
625 2696 684 2739 non
699 2687 732 2739 ut
745 2696 907 2754 numquam
923 2681 989 2754 fiat,
1010 2682 1066 2741 sed
1081 2689 1114 2741 ut
1128 2696 1233 2756 parce.

286 2769 301 2820 l
378 2762 471 2820 XXV.
509 2761 683 2837 Aristippus
718 2763 882 2837 aliquando
917 2764 1085 2825 delectatus
1113 2771 1287 2838 unguentes

316 2847 407 2914 mule,
429 2842 540 2917 inquit,
557 2848 619 2904 istis
631 2845 809 2917 effeminatis
821 2849 949 2920 eueniat,
965 2852 1017 2921 qni
1028 2864 1091 2909 rem
1105 2854 1166 2907 tum
1180 2848 1287 2909 bellum

316 2925 546 2996 infamauerunt.
578 2927 660 2986 Idem
676 2928 837 2987 dicendum
852 2937 914 2989 ests
936 2932 1014 2990 male
1028 2929 1094 2991 istis
1107 2931 1246 3005 inprobis
1258 2939 1287 2991 et

316 3007 487 3081 inportunis
511 3008 727 3069 beneficiorum
753 3026 876 3072 suorum
903 3014 1193 3089 quadruplatoribus
1215 3030 1285 3075 eve·

315 3091 392 3164 niat,
417 3092 467 3166 qui
487 3092 675 3152 tumbellam
695 3109 774 3165 rem,
802 3095 1036 3157 admonitionem
1061 3097 1139 3156 inter
1158 3097 1286 3169 amicae,
1328 3153 1333 3167 ,

315 3177 510 3235 sustulerunt.
544 3175 609 3250 Ego
631 3184 730 3237 tamen
754 3185 820 3236 utar
834 3178 892 3238 boc
907 3179 971 3238 iure
986 3180 1134 3240 amicitiae
1148 3187 1179 3240 et
1193 3179 1285 3240 bene-

314 3257 417 3318 ficium
437 3258 476 3318 ab
497 3273 535 3319 eo
554 3267 705 3335 repetam,
729 3277 824 3335 aquo
847 3262 1006 3335 petissem,
1027 3263 1077 3338 qui
1093 3244 1219 3323 alterius
1233 3263 1285 3323 be·

283 3341 415 3401 uneiicii
437 3341 505 3400 loco
527 3351 709 3417 accepturus
724 3349 772 3403 est
790 3345 927 3419 potuisse
942 3346 1079 3405 reddere.
1112 3346 1286 3421 Numquam

314 3439 355 3483 ne
369 3438 501 3499 querens
517 3425 638 3498 quidem
654 3427 768 3486 dieamt

717 3512 838 3569 eccam
851 3513 935 3570 litore
948 3516 1078 3584 eoeutcm

465 3593 572 3666 excepi
583 3595 613 3649 el
626 3592 714 3663 renni
726 3594 844 3652 minens
857 3596 888 3652 in
897 3604 987 3668 purte
999 3596 1103 3654 locuni.

314 3668 379 3729 Non
395 3678 443 3731 est
457 3674 514 3732 ista
529 3673 708 3746 admonitio,
729 3676 899 3734 convicium
913 3683 970 3735 est.
998 3676 1058 3737 boc
1072 3684 1120 3737 est
1135 3676 1165 3736 in
1179 3678 1283 3740 odium

313 3751 463 3815 beneticia
480 3757 665 3832 perducere,
690 3756 749 3819 hoc
771 3766 818 3820 est
838 3759 976 3835 allicere,
1001 3768 1036 3824 ut
1047 3760 1199 3836 ingratum
1212 3777 1283 3824 esse
