2942 4384
334 480 343 498 ·
415 466 948 542 unruu.bunusr.111113.lsaa
1104 467 1165 532 165

191 622 285 683 debet
297 620 377 680 enim
392 634 444 679 aer
458 636 519 678 non
534 626 595 679 tam
610 620 732 693 spissus
747 635 834 691 esse,
849 628 882 679 ut
893 621 1036 682 excludat
1047 637 1082 680 ac
1094 622 1165 681 sub-

160 759 163 768 .
191 713 316 767 moveat
330 721 349 763 a
366 719 400 763 se
415 705 514 762 lumen
531 703 705 775 inmissum,
723 719 781 763 nec
796 711 857 763 tam
871 704 971 762 tenuis
985 721 1021 763 oc
1038 707 1166 777 solutus,

192 799 226 852 ut
247 790 359 848 nullam
380 785 572 845 venientibus
593 784 687 845 radiis
710 803 827 846 moram
844 787 998 860 praebeat.
1020 788 1096 847 haec
1112 805 1166 846 no-

194 874 294 935 ctibus
315 876 518 943 temperatura
540 869 699 943 contingit,
728 886 796 929 cum
819 870 920 929 sidera
942 869 1167 930 circumiectum

195 961 268 1018 aera
284 957 351 1014 luce
367 954 425 1012 levi
443 968 503 1011 non
520 953 698 1027 pugnaciter
712 969 770 1012 nec
785 968 896 1026 aspere
913 955 1023 1014 leriunt
1038 954 1167 1028 spissio-

194 1054 338 1112 remque,
362 1052 453 1111 quam
468 1038 545 1094 solet
558 1051 630 1095 esse
643 1036 792 1108 interdiu,
811 1036 956 1096 inficiunt.

258 1122 309 1181 lll.
332 1121 489 1179 utcontra
503 1134 616 1178 arcus
633 1126 722 1180 noete
734 1136 794 1179 non
806 1120 840 1179 lit
852 1128 903 1180 aul
912 1121 1076 1181 admodum
1088 1138 1168 1194 raro,
1182 1140 1197 1192 1

197 1207 269 1283 qula
288 1206 360 1263 luna
375 1220 435 1262 non
450 1203 540 1261 habel
554 1210 666 1261 tantum
683 1203 807 1274 virium,
829 1210 863 1261 ut
877 1204 974 1263 nubes
991 1211 1127 1264 transeat
1141 1215 1170 1264 el

196 1290 256 1351 illis
278 1289 410 1348 colorem
431 1286 610 1356 subluudai,
640 1286 758 1359 qualem
782 1284 935 1359 accipiunt
957 1288 1022 1348 sole
1045 1288 1169 1361 perstri-

198 1383 275 1433 ctae.
302 1370 347 1431 sic
372 1370 451 1429 enim
480 1370 606 1428 sormam
627 1384 716 1427 arcus
737 1367 899 1427 discoloris
922 1364 1072 1442 efficiunt,
1099 1372 1171 1445 qula

197 1457 276 1516 aliae
292 1462 393 1529 partes
409 1453 438 1511 in
454 1452 585 1512 nubibus
600 1450 779 1512 tumidiores
795 1459 878 1520 sunt,
902 1453 979 1512 aliae
991 1452 1170 1513 submissio-

197 1556 248 1600 res
264 1544 295 1598 et
316 1536 465 1611 quaedam
483 1536 667 1608 crassiores,
691 1551 782 1609 quam
797 1541 831 1594 ut
851 1536 946 1594 solem
961 1538 1170 1609 transmittant,
1248 1597 1251 1601 ,

199 1624 277 1683 aliae
292 1620 512 1691 inbecillioreS,
533 1636 622 1694 quam
638 1627 670 1679 ut
682 1619 855 1679 excludant.
877 1619 953 1677 haec
968 1620 1171 1694 inaequalitas

200 1705 323 1766 alternis
350 1706 447 1763 lucem
474 1702 671 1777 umbramque
695 1702 858 1777 permiscet
879 1709 909 1762 et
929 1703 1070 1778 exprimit
1090 1702 1171 1762 illam

199 1788 365 1848 mirabilem
388 1802 477 1846 arcus
504 1786 688 1845 varietatem.
727 1787 832 1845 Altera
857 1801 951 1845 causa
976 1802 1066 1846 arcus
1092 1787 1200 1851 eius-a

200 1872 284 1934 modi
304 1870 455 1929 redditum
482 1868 636 1941 videmus,
658 1884 725 1928 cum
746 1868 848 1927 fistula
868 1870 971 1941 aliquo
994 1871 1061 1929 loco
1083 1877 1173 1945 rupta

200 1963 264 2027 est,
286 1969 396 2027 aquam
413 1969 466 2027 per
480 1958 570 2011 tenue
586 1954 719 2011 loramen
735 1952 821 2023 elidi,
845 1967 924 2025 qnae
942 1969 1052 2026 sparsa
1067 1960 1174 2011 contra
1235 1969 1242 1978 ⁸

201 2042 299 2099 solem
321 2037 442 2110 oblique
463 2038 594 2110 positum
610 2034 717 2095 taciem
733 2050 823 2093 arcus
838 2042 1055 2108 repraesentat.
1088 2036 1173 2093 idem

201 2120 322 2182 videbis
337 2120 490 2191 accidere,
506 2118 533 2179 si
549 2119 671 2193 quando
688 2118 823 2178 volueris
835 2119 1000 2178 observare
1013 2119 1172 2178 fullonem:

203 2222 271 2266 cum
287 2216 325 2264 os
340 2219 421 2276 aqua
435 2201 561 2276 inplevit
576 2210 606 2261 et
623 2200 801 2261 vestimenta
814 2200 976 2262 tendiculis
993 2202 1116 2260 diducta
1132 2203 1172 2259 le-

201 2290 279 2348 viter
300 2284 469 2360 adspergit,
495 2286 622 2359 adparet
643 2286 744 2345 varios
766 2285 815 2343 edi
836 2286 955 2346 colores
977 2284 1008 2344 in
1028 2284 1078 2346 illo
1102 2287 1173 2343 aere

202 2373 371 2445 adsperso,
393 2372 499 2444 quales
521 2364 635 2441 fulgere
652 2367 682 2428 in
700 2385 773 2427 arou
787 2371 895 2429 solent.
932 2369 1028 2427 Huius
1043 2369 1088 2427 rei
1104 2378 1202 2429 cau-3

201 2471 269 2515 sam
284 2454 314 2511 in
329 2452 455 2511 humore
470 2468 541 2511 esse
554 2467 591 2509 ne
604 2452 800 2511 dubitaveris.
823 2468 882 2510 non
894 2454 928 2511 lit
939 2453 1017 2511 enim
1030 2468 1175 2526 umquam

202 2553 295 2598 arcus
319 2536 375 2595 nisi
401 2536 513 2595 nubilo.
545 2536 601 2593 sod
623 2551 807 2609 quaeramus
834 2536 1088 2609 quemadmodum
1113 2534 1175 2592 fiat.

202 2621 334 2696 Quidam
355 2619 437 2678 aiunt
457 2634 528 2677 esse
548 2619 649 2692 aliqua
670 2617 837 2687 stillicidia,
860 2634 939 2691 quae
960 2619 1055 2676 solem
1077 2626 1174 2677 trans·

202 2706 335 2774 mittant,
359 2701 508 2777 quaedam
530 2702 625 2775 magis
646 2708 766 2770 coacta,
790 2716 881 2773 quarn
903 2708 935 2760 ut
953 2702 1174 2758 transluceant=

203 2790 308 2861 itaque
329 2786 368 2845 ab
392 2786 450 2845 illis
473 2786 620 2858 fulgorem
646 2784 747 2854 reddi,
776 2782 814 2841 ab
836 2782 883 2842 his
904 2784 1055 2855 umbram,
1081 2782 1176 2841 etsie

203 2870 366 2943 utriusque
388 2867 559 2928 intercursu
582 2868 662 2927 ellici
681 2882 800 2937 arcum,
828 2866 937 2942 inquo
962 2882 1033 2941 pars
1054 2867 1177 2939 fulgeat,

205 2968 288 3029 quae
309 2952 403 3011 solem
425 2951 547 3025 recipit,
571 2968 641 3024 pars
656 2950 814 3009 obscurior
829 2951 882 3020 sit,
906 2967 984 3025 quae
999 2950 1133 3009 excludit
1148 2957 1178 3007 et

204 3052 245 3096 ex
266 3051 302 3095 se
323 3034 459 3094 umbram
481 3034 628 3107 proximis
650 3034 729 3093 lacit.
756 3033 830 3092 Hoc
848 3034 887 3092 ila
902 3049 973 3092 esse
989 3034 1111 3105 quidam
1125 3043 1206 3095 [ιθ-4

205 3126 289 3193 gant„
322 3124 440 3193 poterut
461 3117 540 3177 enim
562 3117 656 3175 videri
679 3132 798 3186 verum,
819 3116 845 3174 si
866 3133 955 3176 arcus
971 3117 1049 3174 duos
1065 3123 1179 3175 tantum

205 3203 334 3261 haberet
353 3201 488 3274 colores,
511 3199 538 3259 si
560 3216 599 3260 ex
616 3200 726 3259 lumine
740 3199 908 3273 umbraque
924 3205 1085 3260 constaret.
1121 3197 1178 3255 sed

205 3300 289 3345 nunc

403 3368 514 3427 diversi
525 3367 639 3427 niteant
649 3382 715 3426 cnm
730 3370 809 3427 mille
823 3369 943 3436 colores,

248 3451 392 3510 transitio
405 3454 468 3525 ipse
482 3456 579 3509 tomen
592 3453 756 3524 spectantia
770 3453 882 3509 lumina
893 3450 992 3522 follit:

248 3535 430 3608 usqueadeo
444 3535 524 3607 qnod
535 3536 628 3607 tangit
640 3534 717 3609 idern
731 3540 788 3604 cst,
810 3539 907 3592 tomen
921 3535 1023 3591 ultima
1037 3529 1153 3589 distant.

206 3614 356 3675 Videmus
370 3617 400 3675 in
415 3632 452 3675 eo
468 3615 580 3690 aliquid
596 3615 742 3688 flammei,
760 3616 873 3689 aliquid
886 3614 971 3686 lutei,
986 3614 1097 3687 aliquid
1112 3629 1180 3672 cae·

205 3699 285 3759 rulei
299 3706 331 3760 el
346 3700 406 3760 alia
419 3699 449 3759 in
465 3698 601 3778 picturae
612 3699 735 3759 moddm
747 3698 906 3759 subtilibus
919 3697 1005 3757 lineis
1017 3697 1123 3770 ducta,
1138 3706 1180 3769 ut,
