2942 4384
609 750 643 830 l·
669 747 809 831 tdlmt
836 746 1006 830 lllldttt

675 900 727 949 no
755 866 941 972 nucinum

325 950 765 1116 narunltrun
808 1016 1295 1136 ouarsrrourm

704 1184 839 1245 LIBER
865 1183 917 1245 ΙΙΙ.

640 1381 985 1457 [pancratio]

291 1514 306 1564 1
391 1498 456 1556 Non
486 1498 628 1572 praeterit
657 1514 719 1572 me,
754 1498 849 1557 Lucili
879 1498 1010 1556 virorum
1039 1493 1167 1568 optime,
1205 1512 1295 1569 quam

324 1596 500 1654 magnarum
521 1596 619 1639 rerum
642 1575 838 1639 fundamenta
866 1596 976 1654 ponam
999 1593 1109 1651 senex,
1143 1578 1194 1652 qui
1210 1594 1295 1638 mun·

254 1681 257 1686 ’
325 1664 397 1721 dum
420 1661 548 1721 circuire
570 1662 713 1722 constitui
736 1672 765 1722 et
782 1680 894 1723 causas
910 1669 1092 1735 secretaque
1107 1663 1174 1725 eius
1188 1676 1296 1720 eruere

324 1753 415 1819 atque
431 1745 497 1805 aliis
512 1747 670 1805 noscenda
684 1748 825 1821 prodere.
855 1747 977 1821 quando
999 1752 1059 1803 tam
1074 1745 1169 1804 multa
1184 1758 1294 1804 conse·

325 1845 415 1902 quar,
444 1836 503 1888 tam
532 1845 642 1903 sparsa
670 1830 825 1904 colligam,
854 1837 914 1889 tam
943 1828 1062 1886 occulta
1090 1826 1297 1901 perspiciam?

292 1912 439 1973 2Ptcmctl
457 1928 530 1986 ergo
552 1920 695 1973 senectus
717 1920 748 1972 et
770 1913 881 1973 obiciat
895 1928 993 1972 annos
1011 1911 1088 1969 inter
1101 1926 1182 1968 vana
1197 1911 1297 1969 studia

233 2008 237 2012 ’
324 2004 543 2070 consumptos=
574 2003 657 2056 tanto
689 1997 785 2070 magis
810 2002 1031 2069 urgeamuset
1054 1994 1164 2053 damna
1189 1993 1296 2051 aetatis

324 2080 401 2139 male
418 2080 681 2153 exemptae-labor
696 2082 821 2139 sarciat:
836 2095 899 2138 nox
909 2080 949 2138 ad
961 2079 1039 2136 diem
1053 2076 1191 2135 accedat.
1206 2092 1296 2135 occu-

324 2164 463 2237 pationes
483 2163 664 2222 recidantur.
692 2162 862 2235 patrimonii
882 2164 973 2235 longe
993 2177 1010 2219 a
1031 2160 1154 2219 domino
1169 2158 1296 2219 iacentis

324 2262 398 2304 cura
418 2247 564 2304 solvatur.
592 2245 649 2304 sibi
671 2253 752 2305 totus
773 2245 892 2304 animus
907 2252 996 2303 vacet
1010 2251 1040 2303 et
1055 2243 1092 2301 ad
1110 2244 1295 2316 contempla-

292 2328 444 2387 3ti0nem'
458 2325 506 2387 sui
529 2331 635 2387 saltem
655 2329 683 2387 in
706 2330 776 2402 ipso
802 2328 863 2387 fine
884 2328 1037 2401 respiciat.
1061 2324 1165 2386 Faciet
1186 2341 1223 2385 ac
1240 2325 1295 2385 sibi

324 2410 448 2471 instabit
469 2418 498 2470 ct
519 2411 629 2471 cotidie
654 2411 830 2471 brevitatem
856 2411 1002 2485 temporis
1029 2407 1176 2467 metietur.
1212 2410 1293 2483 quic-

325 2495 398 2569 quid
421 2494 567 2554 amissum
587 2503 649 2567 est,
670 2496 700 2553 id
723 2495 858 2569 diligenti
877 2511 937 2553 usu
956 2494 1037 2552 vitae
1059 2491 1231 2566 praesentis
1250 2507 1293 2549 re·

325 2579 454 2653 colliget.
477 2577 687 2638 Fidelissimus
700 2586 748 2637 est
758 2578 797 2637 ad
810 2578 938 2638 honesta
950 2593 988 2637 ex
1003 2575 1188 2650 poenitentia
1200 2582 1294 2634 trans-

324 2662 395 2723 itus.
447 2661 520 2721 libet
546 2662 636 2737 igitur
666 2661 738 2721 miln
765 2662 938 2721 exclamare
962 2660 1044 2720 illum
1070 2666 1180 2733 poetae
1204 2657 1293 2717 incliti

326 2761 464 2804 versum:

463 2829 588 2887 tollimus
603 2831 733 2901 iacentes
747 2831 860 2888 uolnus
873 2835 903 2888 et
916 2830 1049 2888 maximo
1059 2841 1157 2902 paruo

463 2916 591 2985 tempore
604 2914 749 2970 molimur.
1018 2921 1020 2926 ’

324 2994 384 3053 hoc
399 2993 546 3067 dicerem,
573 2994 599 3053 si
621 3010 696 3068 puer
715 2993 897 3068 iuvenisque
920 2993 1050 3053 molirer.
1080 2992 1193 3051 nullum
1217 2989 1293 3049 enim

324 3094 384 3136 non
406 3085 466 3137 tam
486 3077 604 3151 magnis
624 3076 717 3137 rebus
731 3086 851 3152 tempus
868 3084 1030 3151 angustum
1044 3084 1103 3135 est:
1127 3089 1208 3133 nunc
1223 3088 1294 3133 vero

324 3162 362 3219 ad
383 3177 446 3220 rem
463 3161 588 3233 seuam,
611 3176 750 3235 gravem,
774 3161 945 3220 inmensam
960 3158 1228 3234 postmeridianas
1243 3156 1294 3215 ho-

293 3258 374 3310 eras
401 3243 599 3304 accessimus.
630 3244 791 3304 Faciamus
818 3244 901 3318 quod
926 3244 955 3301 in
981 3242 1087 3302 itinere
1112 3242 1178 3301 fieri
1202 3242 1294 3300 solet:

327 3329 379 3402 qui
393 3328 508 3386 tardius
523 3326 675 3401 exierunt,
698 3327 858 3387 velocitate
873 3334 1003 3400 pensant
1018 3341 1142 3385 moram.
1173 3324 1294 3383 festiae·

325 3427 392 3471 inus
413 3417 443 3470 et
463 3426 541 3484 opus
562 3411 667 3469 nescio
683 3427 720 3469 an
742 3409 931 3485 superabile,
954 3424 1096 3483 magnum
1113 3415 1209 3478 certe,
1232 3408 1297 3466 sine

325 3495 431 3554 aetatis
453 3493 650 3553 excusatione
669 3501 842 3553 tractemus.
870 3493 985 3555 Crescit
1000 3491 1134 3564 animm,
1156 3491 1297 3565 quotiens

326 3579 425 3650 coepti
440 3576 675 3651 magnitudinem
692 3577 823 3636 ostendit
838 3584 867 3635 et
882 3577 1007 3649 cogitat,
1026 3582 1171 3649 quantum
1184 3590 1297 3648 propo-

293 3660 399 3735 5sito,
425 3675 485 3719 non
509 3668 652 3734 quantum
674 3659 731 3720 sibi
751 3658 894 3735 supersit.
929 3660 1154 3735 consumpsere
1175 3673 1210 3716 se
1233 3659 1295 3732 qui-
