2942 4384
411 491 551 551 uurua.
568 490 730 565 ouuasr.
750 490 822 553 ura.
835 492 887 550 vi.
908 500 1040 553 ao-m.
1151 492 1214 559 aar

240 646 372 704 tortasse
393 644 496 717 aliqua
515 650 601 717 parte
623 642 724 703 subito
746 642 905 702 decidente
920 644 1086 717 percutitur
1100 653 1129 706 et
1143 645 1215 705 inde

239 736 354 787 motum
376 726 465 800 capit.
495 728 627 785 sortasse
648 728 750 799 aliqua
766 741 838 799 pars
852 734 951 785 terrae
966 728 1048 787 velut
1065 729 1214 787 columnis

239 810 424 884 quibusdam
440 826 476 868 ac
493 809 562 883 pilis
578 808 752 880 sustinetur,
770 809 882 883 quibus
898 810 1006 869 vitiatis
1020 826 1057 868 ac
1067 812 1213 870 receden-

238 893 320 952 tibus
342 893 441 952 tremit
461 893 583 967 pondus
599 893 773 966 inpositum.
799 894 930 951 tortasse
946 894 1044 951 calida
1060 894 1108 951 vis
1126 893 1242 967 spiri-r

238 983 288 1035 tus
308 977 338 1034 iu
361 977 460 1049 ignem
480 991 572 1035 versa
591 983 621 1035 et
643 976 757 1034 fulmini
778 976 883 1034 similis
903 992 970 1035 cum
987 992 1096 1049 magna
1110 985 1212 1051 strage

239 1058 423 1119 obstantium
448 1060 549 1118 lertur.
583 1061 715 1117 tortasse
735 1060 887 1133 palustres
908 1066 937 1117 et
959 1059 1093 1118 iacentes
1115 1076 1213 1135 aquas

238 1142 350 1216 aliquis
373 1141 462 1200 ssatus
483 1142 599 1216 inpellit
619 1149 649 1201 et
669 1142 740 1199 iude
760 1147 813 1200 aut
830 1143 908 1201 ictus
928 1149 1038 1201 terram
1054 1146 1149 1216 quatit
1163 1151 1214 1202 aut

238 1226 364 1298 spiritus
382 1224 503 1298 agitatio
520 1226 589 1298 ipso
607 1231 689 1285 motu
705 1240 848 1284 crescens
864 1233 895 1284 el
908 1240 942 1284 se
957 1225 1084 1284 incitans
1099 1228 1137 1285 ab
1152 1227 1212 1286 imo

237 1309 267 1366 iu
281 1324 399 1368 summa
411 1324 511 1381 usque
524 1309 702 1381 perlertur.“
736 1308 854 1366 Nullam
867 1315 966 1366 tamen
976 1308 1016 1366 illi
1031 1310 1130 1381 placet
1142 1326 1210 1368 cau-

238 1406 305 1450 sam
321 1398 421 1449 motus
436 1406 507 1449 esse
523 1392 666 1449 maiorem
681 1406 773 1465 oriam
788 1391 936 1465 spiritum.
1195 1447 1196 1450 ,

242 1470 245 1476 ’
300 1472 377 1533 XXl.
408 1474 527 1533 Nobis
558 1489 711 1547 quoque
742 1475 871 1548 placet
902 1475 1001 1533 huuc
1034 1476 1240 1548 spirituml

238 1572 343 1628 esse,
373 1557 436 1629 qui
467 1557 594 1630 possit
622 1563 729 1616 tanta
760 1557 910 1631 conari,
939 1574 1001 1631 quo
1023 1558 1096 1616 nihil
1117 1560 1212 1617 estin

236 1656 340 1699 rerum
362 1647 469 1698 natura
490 1641 658 1713 potentius,
686 1639 760 1698 nihil
781 1642 899 1714 acrius,
927 1642 1069 1716 sineque
1092 1657 1148 1701 nec
1163 1642 1214 1701 illa

239 1723 378 1797 quidem,
401 1740 480 1797 quae
501 1723 769 1782 vehementissima
789 1732 874 1794 sunt,
896 1726 1011 1784 valent:
1033 1726 1133 1798 ignem
1150 1726 1212 1799 spi·

236 1807 313 1865 ritus
334 1807 472 1866 concitat.
502 1823 615 1879 equae,
639 1806 664 1866 si
681 1813 803 1865 ventum
818 1807 986 1881 detrahass
998 1808 1111 1868 inertes
1127 1816 1213 1867 sunt:

236 1897 310 1949 tunc
331 1889 451 1948 demum
473 1889 606 1962 inpetum
628 1895 766 1961 sumunt,
793 1906 860 1948 cum
882 1892 949 1949 illas
970 1893 1032 1964 agit
1052 1890 1153 1949 flatus.
1184 1899 1214 1951 et

238 1979 341 2045 potest
359 1972 510 2045 dissipare
531 1988 640 2045 magna
660 1972 760 2046 spatia
774 1979 921 2032 terrarum
937 1981 966 2033 et
980 1990 1079 2032 novos
1093 1981 1213 2034 montes

238 2054 395 2115 subiectus
416 2056 613 2115 extollerem
633 2057 749 2114 insulas
770 2072 831 2115 non
855 2064 925 2115 ante
949 2058 1034 2115 visas
1060 2056 1090 2114 iu
1113 2057 1212 2115 medio

236 2138 313 2196 mari
326 2153 451 2211 ponere.
486 2138 602 2197 Theren
615 2147 645 2198 et
653 2138 828 2198 Therasiam
840 2147 869 2199 et
879 2140 957 2199 hanc
970 2147 1092 2199 nostrae
1104 2140 1212 2199 aetatis

237 2222 382 2292 insulam,
403 2222 611 2294 spectantibus
628 2222 716 2281 nobis
732 2222 761 2280 in
778 2225 903 2295 Aegaeo
919 2224 992 2282 mari
1008 2232 1123 2295 natam,
1143 2224 1212 2295 quis

236 2305 356 2364 dubitet
371 2306 442 2378 quin
458 2304 487 2362 in
503 2305 600 2363 lucem
617 2304 742 2379 spiritus
757 2306 896 2365 vexerit?

301 2388 379 2448 Duo
400 2396 664 2461 generosum,
688 2388 1110 2463 utPosidonioplacet,
1133 2390 1241 2463 qut-a

236 2471 309 2529 bus
330 2479 502 2529 movetur
523 2479 636 2530 terra.
669 2473 827 2544 utriusque
848 2489 958 2532 nomen
975 2481 1023 2532 est
1040 2473 1211 2546 propriumz
1252 2481 1268 2510 ·

236 2555 333 2611 ultera
353 2554 558 2613 succussio
582 2563 642 2625 est,
663 2570 730 2613 eum
752 2562 833 2613 terra
848 2556 980 2627 quatitur
994 2562 1024 2614 et
1038 2572 1159 2614 sursum
1175 2570 1211 2614 ae
1251 2577 1256 2590 ·

236 2637 382 2696 deorsum
403 2645 550 2710 movetur,
567 2637 659 2696 altera
681 2638 901 2710 inclinatio,
926 2654 987 2711 qua
1000 2639 1030 2695 in
1047 2638 1141 2696 latera
1156 2654 1210 2695 nu-

235 2726 280 2777 tat
300 2720 410 2793 navigii
432 2736 524 2780 more.
562 2736 630 2794 ego
654 2730 690 2781 et
713 2720 867 2779 tertium
896 2721 990 2780 illud
1014 2721 1210 2792 existim0,

238 2804 323 2877 quod
337 2810 441 2861 nostro
455 2804 604 2862 vocabulo
618 2804 769 2877 signatum
784 2811 841 2863 est.
864 2821 923 2864 non
940 2805 1018 2862 enlm
1035 2804 1100 2863 sine
1116 2819 1211 2862 causa

237 2895 439 2946 tremorem
462 2894 560 2945 terrae
575 2887 679 2945 dixere
695 2887 841 2958 maiores,
859 2889 910 2962 qui
923 2887 1042 2961 utrique
1054 2888 1210 2947 dissimilis

235 2976 295 3027 est.
327 2986 396 3028 nam
419 2986 475 3029 nec
498 2971 704 3029 succutiuntur
725 2977 796 3030 tunc
817 2973 917 3031 omnia
940 2987 996 3031 nec
1021 2972 1209 3041 inclinantur,

237 3052 295 3110 sed
310 3050 478 3112 vibrantur:
501 3069 551 3113 res
566 3053 687 3112 minime
702 3055 730 3112 in
743 3054 916 3114 huiusmodi
931 3072 1005 3115 casu
1016 3055 1116 3127 noxia,
1133 3055 1211 3113 sieut

237 3136 329 3209 louge
351 3136 551 3210 perniciosior
570 3144 618 3196 est
642 3137 794 3196 inclinatio
814 3138 1028 3197 concussione.
1062 3154 1130 3195 nani
1151 3137 1210 3195 nisi

237 3219 377 3277 celeriter
392 3236 430 3278 ex
446 3221 539 3278 ultera
554 3227 638 3293 purte
654 3220 863 3293 properaverit
873 3228 988 3292 motuS,
1004 3219 1055 3292 qui
1070 3220 1210 3278 inclinata

235 3300 389 3375 restituat,
412 3303 500 3362 ruina
516 3302 691 3361 necessario
708 3302 854 3374 sequitur.

300 3384 390 3444 XXll.
419 3386 492 3445 Cum
513 3386 676 3445 dissimiles
702 3384 732 3443 hi
752 3392 853 3444 motus
874 3384 951 3444 inter
969 3401 1003 3443 se
1020 3393 1103 3457 sunt,
1127 3390 1236 3457 [tumJl

237 3483 352 3527 causae
375 3486 488 3544 quoque
508 3484 613 3528 eorum
634 3468 777 3527 diversae
802 3477 891 3528 sunt:
925 3470 1032 3543 prius
1060 3484 1133 3541 ergo
1164 3468 1208 3528 de

234 3558 338 3611 motu
360 3553 560 3626 quatiente
580 3552 762 3611 dicamus.
804 3552 974 3626 Siquando
991 3564 1209 3625 magnaonera

235 3650 292 3708 per
308 3633 394 3694 vices
406 3635 613 3695 vehiculorum
629 3634 758 3709 plurium
771 3643 865 3695 tracta
877 3643 947 3695 sunt
959 3643 988 3694 et
999 3642 1084 3694 rotae
1095 3634 1209 3693 maiore

236 3718 307 3779 nisu
319 3718 347 3777 in
361 3719 497 3779 salebras
510 3719 687 3790 inciderunt,
704 3726 813 3778 terram
824 3718 945 3780 concuti
957 3720 1080 3780 senties.
1100 3718 1208 3778 Ascle·-
