2942 4384
323 461 386 526 ato
599 462 633 521 1.
655 461 801 521 anunm
824 431 1018 521 11111111

326 613 427 674 diores
449 627 519 672 esse
541 610 667 684 debere,
691 628 782 687 quam
803 627 871 670 eunt
894 612 933 670 de
948 612 994 670 dis
1013 612 1120 685 agitur.
1158 612 1285 673 31111111-

323 698 518 770 mustempla
533 694 697 769 conpositi,
723 696 748 753 si
765 696 804 753 ad
819 694 1001 753 sacrificium
1014 697 1171 754 accessuri
1184 699 1287 755 voltum

325 780 540 851 submittimus
564 786 664 851 togam
679 778 876 850 adducimus,
897 779 923 836 si
939 780 966 835 in
984 793 1072 835 omne
1087 788 1288 851 argumentum

324 861 493 923 modestiae
514 862 669 935 fingimur:
692 869 805 935 quanto
827 860 885 919 hoo
906 860 1002 934 magis
1021 862 1122 919 lacere
1139 862 1289 933 debemus,

325 962 393 1005 cum
415 946 453 1004 de
475 943 641 1015 sideribuS,
665 945 829 1003 decorum
852 951 971 1014 natura,
994 944 1032 1001 de
1047 944 1143 1002 stellis
1161 945 1290 1018 disputa·

324 1045 401 1099 muS,
420 1043 458 1085 ne
474 1027 545 1100 quid
560 1035 681 1099 temere,
701 1026 827 1100 nequid
843 1027 1039 1099 inprudenter
1054 1033 1106 1084 aut
1122 1028 1292 1100 ignorantes

296 1112 519 1171 aadssrmemus
541 1117 592 1167 aut
618 1111 749 1168 scientes
775 1111 976 1167 mentiamur?
1015 1109 1088 1171 llee
1120 1110 1292 1169 miremur

325 1201 399 1253 tarn
421 1193 527 1250 tarde
550 1192 647 1262 erui,
672 1210 768 1266 quae
790 1200 861 1250 tam
885 1193 959 1250 alte
981 1192 1117 1250 iacent.
1153 1193 1292 1252 Panaetio

311 1284 356 1352 ¹et
379 1276 440 1346 his,
464 1276 515 1348 qui
537 1275 632 1333 videri
653 1278 760 1334 volunt
780 1284 917 1335 cometen
942 1291 1001 1332 non
1023 1290 1093 1332 esse
1112 1276 1293 1335 ordinarium

327 1359 412 1419 sidus
435 1359 490 1416 sed
511 1358 618 1417 falsam
643 1359 753 1417 sideris
779 1360 900 1428 faelem,
930 1358 1087 1430 diiigenter
1107 1360 1293 1418 tractandum

326 1450 387 1513 est,
403 1457 440 1499 an
457 1456 555 1514 aeque
571 1443 668 1500 omnis
685 1458 756 1515 pars
771 1441 841 1498 anni
857 1441 983 1499 edendis
1001 1442 1126 1499 cometis
1139 1443 1215 1501 satis
1228 1450 1294 1516 apta

327 1526 377 1597 sit,
394 1541 431 1582 an
448 1524 545 1582 omnis
561 1527 637 1582 coeli
652 1524 737 1598 regio
752 1525 877 1596 idonea,
892 1526 921 1581 ln
935 1540 995 1597 qua
1007 1532 1155 1594 creentur,
1173 1541 1211 1582 an
1225 1541 1293 1599 qua·

327 1623 456 1681 cumque
476 1606 535 1679 ire,
563 1608 603 1665 ibi
624 1609 712 1665 etiam
734 1607 854 1680 concipi
876 1608 1007 1681 possint,
1030 1613 1060 1665 et
1077 1614 1194 1681 cetera,
1218 1623 1294 1681 quae

326 1692 469 1748 universa
481 1692 633 1761 tolluntur,
652 1706 718 1748 curn
732 1690 800 1748 dico
813 1691 881 1748 illos
894 1708 952 1748 non
967 1689 1104 1749 lortuitos
1116 1705 1189 1748 esse
1201 1692 1293 1762 ignes,

327 1773 382 1831 sed
400 1772 530 1830 intextos
546 1773 673 1844 mundo,
698 1789 776 1847 quos
793 1789 853 1831 non
869 1776 1041 1847 frequenter
1057 1773 1173 1845 educit,
1196 1773 1292 1831 sedin

298 1856 444 1917 3oeeult0
467 1862 575 1914 movet.
615 1855 709 1928 Quam
730 1858 823 1914 ntnlta
843 1864 962 1929 praeter
982 1857 1039 1915 llos
1066 1871 1120 1929 per
1146 1864 1293 1914 secretum

326 1945 398 1997 eunt
409 1954 571 2010 numquam
584 1939 721 1997 humanis
734 1940 830 1998 oeulis
841 1940 987 1999 orientia?
1001 1939 1188 2011 nequeenim
1197 1940 1293 1998 omnia

327 2022 402 2081 deus
419 2021 531 2080 homini
548 2023 625 2079 lecit.
659 2022 755 2095 Quota
772 2039 841 2094 pars
858 2024 959 2096 operis
977 2023 1046 2080 tanti
1060 2022 1149 2079 nobis
1162 2024 1292 2080 commit-

327 2106 415 2164 titur?
443 2104 511 2179 ipse
533 2105 583 2178 qui
604 2106 659 2163 ista
681 2113 801 2177 tractat,
823 2106 872 2178 qui
889 2105 1037 2176 condidit,
1061 2104 1112 2177 qui
1126 2111 1223 2163 totum
1239 2105 1293 2163 hoc

326 2188 463 2246 fundavit
480 2187 623 2260 deditque
638 2189 718 2246 circa
733 2204 783 2260 se,
805 2189 901 2247 maior
916 2205 986 2262 pars
1002 2187 1049 2246 sui
1066 2188 1168 2260 operis
1184 2204 1222 2245 ac
1236 2203 1293 2245 rne-

297 2270 389 2343 tlior,
406 2270 510 2343 effugit
525 2271 647 2340 oeulos,
663 2273 844 2344 cogitatione
856 2272 1002 2330 visendus
1015 2278 1070 2328 est.
1103 2270 1198 2327 Multa
1210 2286 1293 2343 prae

326 2361 407 2412 terea
423 2360 552 2425 cognata
566 2354 679 2411 numini
695 2370 812 2412 summo
828 2362 858 2413 et
871 2356 999 2412 vicinam
1015 2353 1120 2413 sortita
1132 2353 1293 2426 potentium

261 2442 263 2444 ’
326 2436 457 2495 obscura
478 2442 556 2493 sunt.
583 2443 634 2494 aut
654 2438 799 2506 tortasse,
824 2439 905 2510 quod
922 2436 1017 2509 magis
1033 2437 1165 2508 mireris,
1188 2438 1292 2496 oculos

325 2528 447 2597 nostros
469 2525 498 2576 et
517 2520 632 2592 inplent
652 2527 681 2577 et
701 2520 863 2593 effugiunt,
889 2522 954 2578 sive
973 2520 1031 2576 illis
1048 2526 1128 2577 tanta
1146 2519 1293 2578 subtilitas

326 2610 386 2674 est,
411 2610 551 2675 quantam
568 2603 714 2676 consequi
730 2604 812 2661 acies
829 2602 958 2661 humana
972 2619 1032 2660 non
1050 2603 1163 2675 possit,
1185 2603 1293 2660 sivein

327 2686 478 2744 sanctiore
493 2700 620 2743 secessu
634 2687 776 2744 maiestas
791 2692 874 2743 tanta
889 2686 1003 2744 delituit
1014 2693 1044 2743 11
1058 2700 1183 2757 regnum
1198 2701 1292 2754 suum,

326 2768 357 2826 id
378 2776 479 2827 estse
500 2769 577 2841 regit
597 2784 652 2826 nec
673 2770 723 2827 ulli
745 2768 858 2827 aditum
881 2769 932 2827 dat
946 2767 1004 2826 nisi
1019 2768 1128 2827 animo.
1165 2767 1244 2839 Quid
1259 2768 1293 2825 sit

325 2850 398 2921 hoc,
428 2852 494 2909 sine
517 2866 577 2922 quo
599 2851 669 2909 nillil
692 2858 753 2923 est,
777 2852 855 2909 seire
876 2868 935 2909 non
959 2867 1139 2924 possumus:
1162 2850 1291 2908 11111111-

325 2949 404 3005 mur,
429 2934 554 3005 siquos
581 2934 729 3005 igniculos
753 2951 861 3007 parum
886 2934 1043 3002 norimus,
1073 2949 1139 2991 eum
1164 2935 1292 2991 maxima

296 3028 312 3077 5
325 3032 396 3089 pars
418 3014 520 3072 mundi
543 3014 619 3073 deus
641 3017 750 3073 lateat?
785 3017 878 3087 Quam
900 3018 992 3075 multa
1006 3016 1147 3073 animalia
1160 3016 1221 3074 hoe
1237 3015 1291 3089 pri-

325 3115 405 3157 mum
427 3098 626 3170 eognovimus
648 3099 767 3157 seculo!
801 3118 890 3173 qnam
912 3101 1004 3158 multa
1024 3099 1146 3171 negotia
1171 3115 1211 3157 ne
1238 3098 1313 3157 hoo·
1336 3083 1338 3130 Ι

326 3182 462 3257 quidem!
488 3182 580 3257 Multa
596 3183 743 3241 venientis
759 3183 826 3240 aevi
841 3185 973 3257 populus
989 3182 1091 3255 ignota
1104 3181 1194 3240 nobis
1211 3182 1291 3240 sciet.
1333 3162 1338 3322 Ι

323 3268 415 3324 multa
427 3266 538 3323 seculis
551 3273 620 3324 tunc
633 3267 757 3338 suturis,
774 3283 841 3324 curn
856 3266 999 3324 memoria
1011 3266 1105 3325 nostri
1118 3264 1291 3333 exoleverit,

323 3355 527 3407 reservantur.
562 3348 674 3407 Pusilla
695 3365 745 3406 res
766 3350 896 3412 mundus
917 3357 977 3419 est,
1001 3347 1060 3406 nisi
1076 3349 1104 3406 in
1121 3347 1197 3419 illo,
1212 3346 1293 3420 quod

295 3438 458 3506 dquaerat,
480 3429 578 3489 omnis
596 3433 727 3489 mundus
744 3431 862 3491 lrabeat.
887 3433 952 3491 Non
968 3433 1063 3489 semel
1079 3431 1230 3505 quaedam
1247 3445 1292 3488 sa·

324 3530 375 3573 cra
395 3515 561 3574 traduntur.
599 3515 721 3573 Eleusin
744 3522 859 3588 servat,
889 3515 973 3589 quod
993 3515 1135 3574 ostendat
1157 3515 1293 3572 revisen·
1334 3485 1338 3636 ¹

323 3598 419 3656 tibus:
441 3614 541 3656 rerum
557 3605 664 3657 natura
678 3613 766 3656 sacra
781 3614 837 3657 sua
852 3615 910 3657 non
927 3598 1020 3657 semel
1036 3598 1134 3656 tradit.
1163 3597 1293 3655 initiatos
1336 3649 1338 3656 .

323 3681 569 3740 noseredinus:
596 3682 625 3739 in
648 3681 798 3741 vestibulo
821 3680 887 3740 eius
907 3681 1079 3740 haeremus.
1113 3679 1165 3739 illa
1184 3696 1294 3739 areana

1329 3897 1338 3968 l
