2942 4384
261 450 322 511 100
548 449 582 507 L.
605 447 750 506 ANNAEl
772 444 946 506 SENECAE

262 601 509 677 quaeremus,
531 599 672 673 Rhodiis,
696 600 850 674 plerisque
868 598 995 658 urbibus
1017 598 1109 659 claris
1131 598 1223 659 iusin
1270 637 1272 664 ,

260 693 378 759 tegrum
399 686 627 757 libertatemque
654 700 721 741 cum
746 682 922 741 inmunitate
942 682 1143 762 reddiderat,
1169 683 1227 757 ipsa
1271 691 1272 718 ³

260 769 403 829 tributum
420 767 609 841 spadonibus
625 767 780 839 penderet.

235 861 250 911 1
323 851 416 910 XVll.
444 850 570 909 Deficiet
590 849 656 907 dies
681 856 906 908 enumerantem
926 849 1188 924 ingratosusquc
1205 849 1229 907 iu

262 935 367 994 ultima
388 932 503 1007 patriae
524 932 637 990 exitia,
660 934 771 1005 Aeque
790 933 960 991 inmensum
975 932 1045 1004 erit,
1069 931 1097 991 si
1115 948 1229 1006 percur-

264 1033 332 1075 rere
354 1032 500 1089 coepero,
530 1016 598 1087 ipsa
618 1014 793 1087 respublica
814 1031 905 1088 quam
925 1017 1044 1088 ingrata
1058 1016 1088 1073 in
1106 1016 1231 1089 optimos

264 1115 300 1158 ac
312 1099 527 1158 devotissimos
540 1096 598 1155 sibi
610 1096 698 1156 luerit
710 1113 863 1171 quamque
874 1114 934 1156 non
946 1098 1046 1156 minus
1058 1113 1157 1171 saepe
1171 1114 1231 1172 pec·

233 1192 250 1242 2
263 1182 376 1242 caverit
387 1198 476 1255 <quarn
490 1182 519 1239 in
532 1181 630 1253 ipsam
644 1187 802 1254 peccatum
815 1186 871 1238 est.
904 1179 1059 1238 Camillum
1072 1180 1101 1238 in
1116 1183 1232 1240 exilium

262 1265 356 1335 misit,
381 1264 554 1338 Scipionem
570 1262 691 1321 dimisit.
724 1262 857 1321 exulavit
872 1270 943 1336 post
955 1263 1111 1321 Catilinam
1125 1264 1242 1336 Cicero,

264 1349 352 1406 diruti
368 1349 434 1407 eius
451 1355 592 1421 penateS,
614 1345 695 1404 bona
707 1346 839 1418 direpta,
861 1347 971 1405 lactum
983 1346 1133 1419 quiequid
1146 1348 1233 1406 victor

264 1430 389 1491 Catilina
415 1431 547 1490 lecisset.
588 1430 717 1489 Rutilius
746 1429 936 1488 innocentiae
964 1430 1092 1503 pretium
1118 1431 1185 1489 tulit
1206 1430 1233 1487 in

262 1513 338 1573 Asia
351 1514 453 1572 latere.
490 1511 594 1571 Catoni
609 1514 741 1585 populus
753 1513 908 1571 Romanus
923 1520 1095 1586 praeturam
1107 1514 1233 1587 negavit,

235 1596 455 1660 aconsulatum
468 1594 652 1669 pernegarit.
675 1596 786 1667 Ingrati
797 1594 915 1669 publice
924 1611 1040 1654 sumus.
1063 1596 1233 1670 scquisque

262 1681 446 1751 interroget:
475 1693 563 1736 nemo
586 1694 646 1736 non
669 1679 799 1751 aliquem
816 1678 951 1751 queritur
966 1680 1126 1752 ingratum.
1156 1677 1233 1751 atqui

263 1778 323 1821 non
345 1767 445 1835 potest
456 1760 535 1830 lieri,
554 1766 586 1818 ut
599 1776 704 1819 omnes
718 1769 897 1834 querantur,
916 1762 973 1819 nisi
984 1761 1176 1833 querendum
1191 1766 1234 1819 est

263 1847 301 1905 de
314 1844 471 1903 omnibus:
489 1859 594 1902 omnes
607 1860 679 1917 ergo
691 1844 799 1917 ingrati
812 1851 898 1903 sunt:
915 1846 1047 1917 [irrorati]
1060 1850 1195 1902 tantuml
1208 1848 1234 1900 et

263 1927 366 2002 cupidi
381 1943 487 1988 omnes
503 1933 532 1985 et
546 1927 665 2000 maligni
682 1943 788 1985 omnes
801 1934 831 1987 ct
842 1928 935 1986 timidi
948 1941 1064 1999 omncs,
1080 1927 1165 1985 illi-in
1178 1924 1232 2001 pri·

262 2013 319 2071 mis
336 2012 387 2086 qul
403 2012 541 2071 videntur
555 2011 698 2071 audaces.
721 2011 824 2081 adice,
840 2016 870 2069 et
883 2010 1035 2068 ambitiosi
1049 2025 1158 2069 omnes
1169 2014 1235 2069 suut

263 2104 292 2156 et
307 2094 381 2170 inpii
397 2111 512 2154 omnes.
536 2093 598 2154 Sed
613 2111 673 2152 non
690 2093 833 2166 estquod
847 2092 1000 2152 irascaris
1021 2090 1151 2165 ignosce
1162 2091 1233 2151 illis=

232 2187 370 2242 lomnes
385 2178 548 2237 insaniunt.
583 2177 659 2236 Nolo
674 2185 703 2236 tc
718 2177 757 2235 ad
772 2177 886 2235 incerta
900 2191 1061 2246 revocare,
1076 2182 1110 2234 ut
1121 2176 1233 2234 dicam:

262 2261 354 2335 „vide
377 2277 466 2334 quam
488 2260 604 2333 ingrata
619 2261 658 2318 sit
673 2260 830 2319 iuventus:
859 2258 928 2332 quis
943 2275 1003 2317 non
1019 2259 1097 2331 patri
1114 2273 1171 2317 suo
1187 2275 1233 2317 su-

262 2359 399 2417 premum
416 2344 512 2416 diem,-
532 2349 565 2401 ut
583 2344 730 2401 innocens
747 2343 799 2414 sit,
822 2348 926 2415 optati
952 2350 984 2401 ut
997 2341 1174 2401 moderatus
1189 2341 1234 2413 sit,

262 2433 442 2500 exspectati
462 2433 495 2484 ut
505 2426 589 2500 pius,
605 2427 737 2499 cogitat?
770 2417 886 2499 Quotus
899 2425 1029 2499 quisque
1040 2425 1147 2484 uxoris
1160 2424 1234 2498 opti-

261 2525 329 2569 mae
350 2518 477 2570 mortem
492 2508 586 2582 limet,
609 2517 717 2570 utnon
734 2518 763 2568 et
782 2515 947 2583 conputet?
983 2508 1049 2578 Cui,
1072 2523 1164 2580 rogo,
1188 2505 1235 2566 cui

263 2592 403 2667 litigatori
424 2593 552 2652 defenso
574 2601 632 2653 lam
655 2593 755 2665 magni
769 2592 910 2651 beneficii
924 2592 1001 2649 ultra
1014 2606 1066 2649 res
1077 2592 1234 2663 proximas

233 2677 404 2737 ornemoria
418 2676 578 2736 duravitl“
613 2677 688 2736 Illud
704 2676 732 2733 in
752 2677 896 2735 confesso
911 2682 972 2733 est:
996 2674 1065 2747 quis
1080 2672 1148 2732 sine
1163 2688 1234 2748 que-

260 2763 324 2820 rela
338 2761 482 2819 morituri
496 2762 573 2834 quis
589 2768 723 2819 extremo
740 2759 790 2818 die
805 2760 907 2817 dicere
921 2759 1027 2817 audet=

373 2844 443 2902 Vixi
455 2849 484 2902 et
496 2860 580 2916 qoem
595 2844 720 2902 dederat
734 2859 853 2903 cursam
865 2843 991 2914 fortuna
1002 2844 1109 2915 percpi
1113 2836 1130 2899 ?

264 2921 333 2997 qum
354 2939 414 2982 non
435 2940 598 2996 recusans,
621 2927 690 2997 quis
712 2944 771 2986 non
793 2940 919 2999 gemens
942 2925 1027 2984 exili
1062 2924 1157 2997 Atqui
1178 2923 1237 2982 hoc

234 3007 369 3079 singrati
385 3013 439 3075 est,
456 3023 516 3066 non
530 3022 600 3066 esse
616 3016 790 3069 contentum
805 3010 967 3083 praeterito
982 3014 1128 3080 tempore.
1150 3006 1234 3065 Sem·

262 3105 317 3164 per
337 3090 425 3164 pauci
447 3090 512 3150 dies
534 3098 636 3165 erunt,
664 3092 690 3151 si
711 3094 781 3153 illos
802 3091 1019 3151 numeraveris.
1047 3090 1151 3163 cogita
1175 3106 1236 3149 non

260 3188 331 3233 esse
354 3190 502 3233 summum
527 3175 639 3234 bonum
660 3176 689 3233 in
709 3185 861 3249 tempore=
885 3182 1165 3249 quantumcumque
1180 3179 1235 3244 est,

259 3257 329 3316 boni
352 3261 505 3318 consules.
530 3268 564 3318 ut
585 3267 765 3333 prorogetur
780 3258 834 3318 tibi
850 3258 916 3317 dies
931 3256 1054 3329 mortis,
1076 3256 1150 3316 nihil
1167 3272 1234 3330 pro·

259 3340 359 3416 licitur
379 3341 418 3399 ad
439 3341 624 3415 felicitatem,
647 3344 789 3415 quoniam
811 3357 897 3400 mora
911 3358 972 3400 non
987 3340 1020 3400 fit
1035 3340 1153 3399 beatior
1168 3340 1235 3410 vita,

231 3424 314 3483 ised
326 3424 453 3497 longior.
485 3423 601 3496 Quanto
613 3426 709 3485 satius
720 3433 767 3484 est
778 3431 895 3498 gratum
908 3426 1059 3483 adversus
1074 3429 1235 3496 perceptas

260 3508 433 3581 voluptates
453 3522 513 3565 non
536 3508 662 3566 aliorum
682 3524 781 3568 annos
803 3514 986 3581 conputare,
1010 3507 1065 3565 sed
1087 3521 1166 3565 suos
1183 3505 1235 3564 be·

260 3590 350 3661 aigne
371 3590 532 3649 aestimare
550 3598 579 3648 et
593 3591 621 3647 ln
638 3593 721 3652 lucro
738 3597 874 3665 penerel
906 3592 973 3650 Hoc
989 3606 1035 3648 me
1051 3590 1175 3663 dignum
1191 3590 1234 3646 iu-

260 3669 371 3732 dicavit
385 3674 477 3734 deus:
500 3673 560 3732 hoc
575 3673 649 3733 satis
665 3684 721 3735 est.
745 3672 841 3749 potuit
855 3675 939 3749 plus:
962 3674 1018 3733 sed
1034 3672 1093 3733 hoc
1110 3685 1235 3747 quoque
