2942 4384
265 424 268 427 ’
343 551 345 558 ,
374 474 515 537 aaron.
532 474 694 549 ouausr.
716 474 839 535 unu.
862 467 992 539 ιε’-ιι.
1113 477 1174 543 aaa

193 646 259 691 rem
273 626 375 703 ignem
391 643 462 687 esse
477 634 597 687 constat
609 635 639 687 et
652 634 811 702 utramque
825 643 889 686 rem
904 630 1034 688 meando
1047 630 1126 689 inter
1139 648 1174 692 se

194 714 321 774 distare.
344 712 505 787 fulguratio
521 712 599 770 enim
614 718 736 770 estnon
755 713 900 785 perlatum
916 728 1015 785 usque
1031 712 1060 771 in
1076 722 1172 775 terras

194 798 321 857 tulmen.
350 802 380 855 et
400 811 511 878 rursus
529 793 600 853 licet
617 795 703 853 dicas
725 794 837 853 fulmen
854 810 924 853 esse
940 795 1174 868 fulgurationem

194 879 348 955 usquein
368 884 466 938 terras
487 879 675 953 perductam.
710 878 776 938 Non
798 878 838 936 ad
859 880 1063 938 exercendum
1080 882 1202 943 verba4

195 963 311 1023 diutius
333 961 392 1020 hoc
412 961 493 1021 idem
512 968 679 1035 pertracto,
700 962 756 1020 sed
776 967 810 1019 ut
830 968 959 1035 cognata
980 978 1051 1021 esse
1071 964 1131 1023 ista
1145 972 1175 1024 et

195 1046 338 1105 eiusdem
357 1051 448 1104 nolae
467 1060 504 1104 ae
524 1052 650 1105 naturae
672 1045 814 1118 probem:
836 1045 998 1119 fulguratio
1014 1055 1061 1106 est
1076 1064 1174 1122 paene

194 1130 321 1189 fulmen.
350 1136 503 1190 vertamus
524 1127 622 1189 istud=
643 1128 756 1187 fulmen
772 1137 819 1189 est
835 1131 904 1204 plus
921 1129 1066 1204 quiddam
1082 1147 1174 1206 quam

194 1211 372 1287 fulguratio.

257 1294 351 1355 XXII.
374 1295 558 1368 Quoniam
579 1302 735 1356 constat
755 1302 954 1371 utramque
975 1312 1051 1355 rem
1068 1298 1201 1370 igne-1

194 1394 251 1438 am
274 1394 377 1450 esse,
400 1378 600 1437 videamus
624 1379 938 1451 quemadmodum
961 1379 1061 1453 Ignis
1084 1380 1174 1440 lieri

194 1464 325 1522 soleat
346 1462 448 1535 apud
468 1478 546 1521 nos.
571 1461 702 1520 eadem
724 1461 1174 1537 enimrationeetsupra

194 1545 285 1604 liet:
315 1544 436 1605 duobus
456 1544 570 1604 modIs=
599 1561 676 1617 uno,
698 1546 725 1603 si
742 1546 889 1605 excitatur
911 1546 990 1605 sicut
1011 1562 1050 1604 ex
1071 1548 1173 1620 lapide

195 1634 391 1703 [percusso],
418 1628 529 1700 altero,
558 1626 585 1687 si
604 1628 714 1687 adtritu
734 1629 899 1704 invenitur,
923 1630 1002 1689 sicut
1022 1646 1090 1690 cunr
1112 1631 1172 1690 duo

194 1711 279 1785 ligna
299 1712 376 1771 inter
396 1726 431 1771 se
447 1711 559 1770 dlutius
576 1709 661 1769 lricla
675 1718 755 1770 sunt.
778 1730 838 1772 non
856 1714 953 1772 omnis
969 1711 1027 1772 hoc
1042 1713 1093 1772 tibi
1111 1730 1172 1772 ma-

194 1793 274 1853 teria
288 1794 467 1868 praestabit,
490 1795 546 1853 sed
561 1794 672 1853 idonea
687 1795 844 1855 eliciendis
859 1797 996 1869 ignibus,
1015 1796 1094 1856 sicut
1108 1798 1172 1857 lau·

193 1893 266 1952 rus,
286 1877 420 1936 hederae
436 1885 465 1937 et
479 1876 537 1937 alia
551 1878 580 1935 in
597 1877 677 1935 hunc
692 1894 782 1937 usum
799 1885 872 1938 nota
886 1881 1069 1953 pastoribus.
1104 1880 1201 1945 Pol-2

194 1967 244 2021 est
265 1960 355 2034 igitur
373 1960 454 2033 lieri,
475 1968 507 2021 ul
524 1962 621 2019 nubes
638 1976 762 2035 quoque
777 1962 876 2035 ignem
891 1962 1000 2021 eodem
1016 1963 1108 2022 modo
1123 1965 1172 2022 vel

194 2058 365 2119 percussae
380 2044 510 2104 reddant
523 2045 572 2104 vel
587 2044 723 2103 adtritae.
757 2044 940 2119 Videamus,
965 2046 1085 2119 quantis
1100 2061 1173 2119 pro·

195 2127 293 2187 cellae
313 2126 427 2186 viribus
447 2135 549 2201 ruant,
580 2135 692 2201 quanto
714 2134 870 2187 vertamur
895 2128 999 2203 inpetu
1024 2130 1171 2187 turbines.

195 2210 229 2269 id
244 2211 329 2285 quod
344 2210 466 2271 obvium
483 2212 551 2283 luit,
571 2211 737 2285 dissipatur
749 2219 779 2270 et
793 2212 909 2285 rapitur
923 2220 953 2272 et
967 2214 1058 2285 longe
1073 2215 1171 2272 aloco

195 2309 256 2354 suo
279 2293 434 2369 proicitur.
471 2295 547 2367 Quid
566 2308 639 2367 ergo
658 2295 779 2368 miram,
802 2297 826 2355 si
844 2303 926 2355 tauta
939 2296 987 2355 vis
1005 2296 1105 2370 ignem
1120 2301 1200 2355 err-3

195 2378 270 2437 cutit
285 2378 333 2435 vel
348 2378 469 2436 aliunde
485 2378 532 2437 vel
548 2378 632 2436 sibi?
653 2378 740 2437 vides
753 2380 847 2452 enim,
864 2387 1008 2453 quantum
1020 2381 1172 2440 fervorem

194 2476 328 2522 sensura
346 2469 416 2522 sunt
435 2476 565 2535 corpora
586 2460 692 2521 horum
713 2462 841 2521 transitu
855 2464 937 2535 trita,
960 2480 1018 2523 non
1032 2464 1091 2523 boc
1106 2472 1171 2523 tan--

194 2553 259 2604 tum
280 2544 311 2602 in
330 2542 378 2602 his
400 2543 512 2603 debere
533 2544 616 2603 credi
637 2560 673 2603 ae
694 2545 845 2619 siderum,
868 2562 995 2619 quorum
1015 2547 1124 2620 ingens
1140 2548 1172 2605 in

195 2628 344 2689 confesso
361 2628 495 2702 potentia
510 2635 565 2687 est.

257 2710 363 2769 XXIII.
388 2709 450 2770 Sed
471 2712 602 2772 sortasse
620 2710 716 2772 nubes
733 2727 859 2786 quoque
874 2713 903 2773 in
918 2713 1015 2772 nubes
1032 2712 1199 2776 incilaloel

193 2794 343 2853 tremente
362 2802 452 2855 vento
474 2801 505 2854 et
526 2794 631 2853 leniter
652 2803 778 2869 urgente
793 2794 891 2869 ignem
909 2796 1094 2867 evocabant,
1119 2794 1183 2870 qui.

194 2878 435 2952 exsplendescat
449 2893 506 2937 nee
523 2877 651 2939 exsiliat.
676 2881 791 2939 minore
806 2887 905 2939 autem
919 2881 947 2938 vi
963 2880 1001 2939 ad
1018 2881 1172 2955 fulguran-

194 2961 266 3020 dum
289 2978 369 3035 opus
388 2970 434 3021 est
449 2977 540 3037 quam
556 2962 592 3019 ad
612 2960 840 3023 fulminandum.
878 2963 1093 3038 Superioribus
1110 2966 1200 3028 col-2

194 3045 341 3119 legimus,
365 3045 393 3103 in
417 3052 560 3119 quantum
583 3045 732 3104 fervorem
750 3048 899 3122 quaedam
918 3047 1045 3106 adfrictu
1059 3048 1171 3121 perdu-

194 3135 352 3188 cerentur:
375 3144 443 3188 cum
465 3136 563 3189 autem
579 3144 631 3187 aer
645 3130 797 3189 mutabilis
812 3130 841 3187 in
858 3131 958 3202 ignem
973 3131 1111 3188 maximis
1126 3129 1170 3187 vi-

193 3211 280 3272 ribus
297 3212 376 3285 suis,
399 3228 465 3272 cum
482 3213 512 3271 in
526 3220 649 3271 ventum
664 3228 833 3272 conversus
846 3220 907 3283 est,
924 3218 1077 3283 atteratur,
1091 3212 1170 3269 ueri·

193 3295 294 3355 simile
309 3302 356 3355 est
370 3295 468 3369 ignem
485 3295 584 3355 excutl
601 3296 749 3354 caducum
764 3302 794 3353 et
809 3296 868 3353 cito
883 3295 1079 3364 interiturum,
1099 3294 1171 3367 quia

192 3394 254 3438 non
271 3393 311 3437 ex
327 3380 427 3438 solida
441 3380 566 3438 materia
583 3378 676 3438 oritur
691 3393 748 3437 nec
763 3378 793 3436 in
806 3394 868 3452 qua
879 3378 978 3453 possit
990 3378 1168 3437 consistere.

192 3461 303 3521 transit
321 3462 425 3537 itaque
445 3469 620 3537 tantumque
641 3462 732 3521 habet
753 3478 872 3535 morae,
895 3468 1040 3537 quantum
1054 3460 1169 3521 itineris

193 3552 223 3605 et
239 3555 362 3606 consus.
385 3546 452 3605 sine
466 3547 607 3606 alimento
624 3543 779 3619 proiectus
795 3552 850 3605 est.

254 3628 363 3689 XXIV.
391 3630 587 3703 „Quomodo‚
616 3628 729 3703 inquit,
757 3645 826 3688 cum
847 3628 956 3689 dicatis
981 3626 1060 3701 ignis
1089 3627 1197 3690 bancl

192 3727 265 3773 esse
286 3720 440 3787 naturam,
466 3720 499 3773 ul
519 3720 603 3790 petat
623 3713 797 3789 superiora,
821 3714 933 3775 tulmen
949 3711 1024 3787 petit
1037 3719 1169 3775 terram?

233 3816 337 3856 suasca
355 3817 425 3856 run.
447 3801 478 3857 ll.
982 3803 1015 3861 la
