2942 4384
311 467 375 535 144
615 466 650 526 L.
669 465 816 527 nunant
836 464 1011 527 SENECAE

310 621 389 682 cium
403 618 561 692 redderet,
582 616 697 677 obstitit
713 616 756 675 illi
775 615 903 675 felicitas
924 624 991 676 tua:
1018 614 1091 675 nihil
1109 614 1216 677 incidit
1230 618 1281 677 du-

308 706 389 778 rius,
406 703 489 778 quod
501 718 604 761 veram
615 698 775 759 amicitiam
788 699 986 773 experiretur.
1008 698 1154 773 locupleti
1170 701 1282 760 donare

309 804 371 848 non
388 787 499 862 potuit,
516 800 593 844 sano
609 783 768 854 adsidere,
784 782 865 841 felici
884 796 1077 841 succurrerc=
1094 782 1223 855 gratiam
1237 799 1281 842 re

308 869 389 943 tulit,
405 867 522 929 etiamsi
544 874 575 926 tu
587 865 771 925 beneficium
786 881 847 925 non
859 865 1012 938 recepisti.
1037 863 1202 925 Praeterea
1215 866 1283 925 huic

310 954 442 1014 intentus
457 965 578 1023 semper
592 949 724 1029 ethuius
739 948 783 1007 rei
796 956 916 1021 tempus
931 946 1096 1022 opperiens
1113 949 1166 1021 qui
1182 949 1211 1007 in
1227 949 1284 1008 hoc

220 1049 225 1070 ⁴
310 1037 436 1099 multum
452 1047 557 1105 curae,
581 1033 704 1091 multum
722 1032 891 1091 sedulitatis
906 1031 1056 1104 inpendit,
1078 1032 1148 1104 plus
1166 1032 1283 1091 labora·

279 1118 354 1177 5vit
377 1132 466 1190 quam
494 1115 541 1174 cui
567 1116 626 1173 cito
654 1115 767 1172 referre
793 1114 919 1188 gratiam
945 1114 1077 1186 contigit.
1131 1114 1283 1173 Debitoris

311 1200 484 1273 exemplum
509 1196 657 1257 dissimile
677 1203 737 1271 est,
757 1198 805 1256 cui
827 1213 934 1273 parum
946 1204 993 1256 est
1015 1196 1176 1270 pecuniam
1192 1212 1285 1270 quae·

312 1284 407 1354 sisse,
435 1281 493 1340 nisi
512 1280 614 1341 solvit.
645 1279 706 1339 illic
732 1281 811 1337 enim
832 1286 892 1337 stat
916 1281 1046 1339 acerbus
1073 1294 1169 1352 super
1193 1286 1286 1355 caput

312 1366 458 1437 creditor,
482 1364 532 1438 qui
555 1364 668 1423 nullum
691 1363 771 1423 diem
793 1362 887 1436 gratis
911 1364 1051 1422 occidere
1067 1361 1215 1435 patiatur:
1237 1362 1286 1422 hic

310 1447 566 1523 benignissimus,
589 1446 641 1521 qui
662 1461 731 1505 cum
746 1453 775 1505 te
788 1444 896 1505 viderit
910 1452 1142 1505 concursantem
1158 1453 1189 1505 et
1203 1446 1285 1506 solli·

313 1532 405 1593 citum
419 1538 511 1607 atque
526 1530 664 1599 anxium,
680 1529 775 1587 dicat=
1011 1538 1013 1542 ·
1032 1576 1040 1598 ,

550 1614 635 1675 little
651 1613 730 1671 hanc
748 1614 785 1671 de
798 1619 918 1685 pectore
931 1628 1044 1672 ceram.

314 1697 421 1757 desine
440 1697 491 1756 tibi
513 1697 659 1756 molestus
677 1696 801 1753 instare.
823 1694 924 1754 omnia
938 1710 956 1752 a
971 1701 1000 1753 ta
1013 1694 1123 1755 habeo.
1145 1693 1286 1753 iniuriam

314 1780 385 1839 mihi
407 1780 498 1853 facis,
522 1778 548 1837 si
568 1794 616 1836 me
638 1779 801 1852 quicquam
817 1778 948 1850 amplius
964 1777 1141 1836 desiderare
1156 1776 1286 1837 iudicas.

282 1863 491 1938 dplenissime
515 1863 555 1919 ad
579 1876 627 1919 me
652 1861 790 1934 pervenit
815 1860 932 1919 animus
952 1867 1030 1919 tuus.
1061 1860 1154 1933 „bic,
1180 1860 1287 1934 inquit,

314 1945 386 2005 milri
399 1944 448 2018 [si]
465 1944 595 2004 rediisse
611 1944 792 2003 beneficium
807 1943 940 2013 diceres,
962 1943 1045 2001 illum
1061 1943 1186 2017 gratiam
1205 1951 1286 2001 retu·

248 2088 249 2091 ,
315 2024 411 2087 lisse‘t
440 2028 558 2087 Eodem
578 2043 652 2100 ergo
675 2029 744 2085 loco
767 2035 829 2096 est,
856 2026 908 2099 qui
933 2026 1064 2085 reddidit
1090 2034 1120 2085 et
1146 2026 1198 2100 qui
1224 2041 1285 2084 uon

314 2110 492 2170 reddiditt“
524 2110 635 2169 Contra
653 2124 733 2168 nunc
755 2109 829 2169 illud
852 2124 948 2182 pone=
970 2108 997 2167 si
1012 2108 1122 2167 oblitus
1138 2118 1224 2169 esset
1237 2123 1287 2166 ac·

315 2194 395 2266 cepti
409 2192 563 2264 beneficii,
580 2193 607 2250 si
622 2207 678 2250 nec
689 2199 868 2265 temptasset
882 2191 1001 2265 quidem
1015 2199 1120 2263 gratus
1135 2205 1217 2261 esse,
1234 2205 1287 2249 ne·

314 2290 405 2349 gares
420 2274 502 2333 illum
517 2274 641 2347 gratiam
657 2275 808 2333 retulisse.
836 2282 867 2333 at
887 2274 936 2332 hic
956 2289 991 2331 se
1006 2272 1114 2333 diebus
1130 2274 1286 2333 noctibus-

315 2371 375 2431 qne
400 2356 525 2415 lassavit
549 2363 579 2415 et
607 2355 747 2416 omnibus
774 2356 841 2416 aliis
861 2355 1042 2416 renuntiavit
1063 2356 1190 2429 officiis,
1217 2356 1287 2416 huic

315 2438 367 2498 uni
382 2438 531 2498 inminens
547 2446 576 2498 et
591 2446 750 2512 operatus,
766 2456 805 2497 ne
821 2456 880 2514 qna
895 2456 928 2499 se
944 2440 1061 2513 fugeret
1075 2439 1217 2500 occasio=
1235 2455 1285 2500 eo

315 2522 384 2580 dem
406 2537 478 2596 ergo
499 2523 568 2581 loco
589 2530 676 2582 erunt
696 2524 760 2596 ille,
782 2523 833 2595 qui
855 2538 958 2581 curam
977 2524 1156 2581 referendae
1171 2523 1288 2597 gratiae

315 2604 433 2680 abiecit,
448 2615 479 2667 et
497 2608 556 2677 hic,
570 2604 621 2679 qui
636 2622 800 2679 numquam
816 2604 853 2664 ab
868 2606 919 2665 illa
932 2607 1080 2665 recessit?
1100 2606 1230 2680 Iniquus
1242 2622 1287 2679 es,

316 2688 341 2747 si
355 2703 419 2746 rem
434 2704 452 2747 a
467 2704 515 2747 me
530 2689 642 2762 exigis,
660 2704 728 2748 cum
745 2689 849 2747 videas
864 2689 996 2747 animum
1013 2706 1073 2747 non
1089 2690 1239 2748 defuisse.

284 2775 299 2825 1
376 2772 441 2829 XV.
464 2772 512 2829 Ad
528 2787 674 2851 summam
690 2778 775 2845 puta,
798 2787 866 2830 cum
882 2780 989 2846 captus
1005 2787 1108 2846 esses,
1129 2787 1178 2830 mc
1194 2786 1287 2845 pecu·

315 2854 395 2910 niam
415 2859 579 2912 mutuatum
600 2854 691 2914 rebus
711 2854 787 2913 meis
804 2853 833 2913 in
849 2855 1040 2914 securitatem
1056 2854 1217 2915 creditoris
1234 2856 1286 2914 ob

314 2933 425 3007 positis
445 2936 609 3009 navigasse
631 2936 729 2995 hieme
743 2944 802 2997 tant
819 2954 912 2997 saeva
928 2953 983 3011 per
997 2939 1106 2997 infesta
1120 2938 1287 2997 latrociniis

314 3016 417 3088 litora,
441 3032 597 3077 emensum
619 3019 765 3094 quicquid
788 3022 912 3094 periculi
931 3021 1051 3079 adferre
1074 3027 1176 3094 potest
1196 3022 1287 3081 etiam

314 3106 456 3174 pacatum
476 3116 568 3161 mare.
601 3102 770 3178 peragratis
796 3103 936 3163 omnibus
961 3104 1191 3175 solitudinibus,
1218 3119 1286 3164 eum

314 3199 394 3258 quos
415 3200 505 3245 nomo
527 3201 586 3246 non
607 3186 741 3259 fugiebat
755 3200 813 3259 ago
829 3202 1021 3261 quaererem,
1045 3188 1165 3247 tandem
1185 3186 1225 3245 ad
1241 3186 1284 3260 pi·

312 3276 395 3326 ratas
421 3269 554 3341 perveni.
588 3270 696 3329 etiam
719 3269 847 3328 tentius
872 3270 1058 3330 redemerat:
1084 3270 1213 3343 negabis
1237 3284 1286 3328 me

313 3351 439 3422 gratiam
463 3352 626 3411 retulisset
657 3351 786 3411 etiamne
810 3353 836 3411 si
857 3351 886 3411 in
907 3353 956 3412 illa
977 3353 1171 3427 navigatione
1192 3368 1284 3425 pecu-

312 3434 409 3506 niam,
428 3450 518 3507 quam
534 3434 624 3495 saluti
640 3440 709 3493 tuae
724 3442 949 3507 contraxeram,
964 3438 1129 3509 naufragus
1146 3435 1287 3510 perdidit

313 3516 442 3577 et'amnc
462 3516 490 3575 si
510 3517 539 3574 in
554 3517 685 3591 vincula,
697 3534 776 3592 quae
792 3518 949 3577 detrahere
964 3520 1017 3578 tibi
1031 3520 1127 3591 volui,
1150 3519 1220 3593 ipse
1242 3519 1285 3576 in·

284 3596 392 3656 acidi?
419 3599 545 3671 negabis
566 3615 615 3659 me
635 3601 777 3660 retulisse
791 3599 941 3674 gratiana
971 3606 1012 3661 At
1025 3601 1177 3660 mehercle
1192 3601 1285 3660 Athe-

312 3678 436 3741 aienses
447 3681 643 3741 Harmodium
657 3689 686 3741 et
697 3684 933 3758 Aristogitonem
944 3685 1152 3759 tyrannicidas
1164 3691 1287 3758 vocant,

310 3768 341 3821 et
352 3762 456 3825 Mucio
475 3780 584 3827 manus
602 3766 633 3825 in
647 3764 750 3826 hostili
770 3782 824 3827 ara
836 3765 941 3827 relicta
954 3768 1050 3828 instar
1064 3766 1161 3829 occisi
1173 3766 1273 3829 Parsa
