2942 4384
394 472 534 536 NitTUR.
552 472 712 546 QUAEST.
736 474 960 537 LlB.1.o-e.
995 464 998 471 '
1103 471 1164 536 173

191 623 304 698 simile,
321 623 404 699 quod
419 629 518 697 potest
530 625 701 697 perlucere,
718 631 766 682 est
777 620 891 697 aliquid
903 629 932 682 et
944 637 1057 697 aquae,
1073 638 1164 697 quam

191 708 310 769 etiamsi
331 707 466 767 nondam
484 707 587 778 habet,
611 708 782 780 lamparet.
811 707 843 766 id
864 714 926 767 est=
954 706 1013 765 iarn
1028 707 1094 766 eius
1111 724 1163 766 na·

191 799 257 851 tara
273 796 334 865 est,
357 792 387 849 in
405 806 495 864 quam
511 806 550 848 ex
564 805 621 848 sua
637 795 780 849 vertatur.

253 874 320 933 Vll.
348 874 530 948 „Quoniam
554 871 673 946 inquis,
696 873 764 932 vitri
785 871 884 938 fecisti
905 873 1103 946 mentionem,
1126 885 1192 935 ext

192 957 275 1031 [hoc]
296 957 365 1031 ipso
383 964 487 1016 uonna
507 964 537 1015 te
558 963 767 1029 argumentum
784 973 911 1015 sumam.
947 958 1072 1031 Virgula
1087 958 1166 1017 solet

192 1039 258 1099 lieri
273 1040 382 1113 vitrea,
402 1040 507 1100 striata
521 1040 570 1098 vel
585 1038 722 1113 pluribus
737 1039 857 1112 angulis
874 1039 904 1098 in
921 1040 1045 1100 modum
1061 1042 1165 1099 clavae

191 1132 314 1183 torosa:
338 1122 415 1181 haec
436 1123 462 1183 si
481 1123 511 1180 in
531 1128 737 1183 transversum
759 1123 856 1182 solem
876 1124 1001 1197 accipit,
1031 1127 1165 1183 colorem

192 1208 299 1277 talem,
324 1206 422 1280 qualis
444 1205 474 1264 iu
496 1220 568 1263 arcu
590 1206 684 1264 videri
706 1206 799 1278 solet,
821 1206 935 1277 reddit,
957 1214 990 1265 ut
1007 1208 1088 1266 scias
1104 1223 1165 1265 non

193 1287 354 1363 imaginem
370 1288 417 1348 hic
436 1290 509 1347 solis
525 1304 609 1359 esse,
632 1288 689 1347 sed
705 1290 817 1348 coloris
834 1290 1027 1348 imitationem
1043 1306 1081 1347 ex
1097 1306 1163 1364 per-

193 1377 317 1432 cussu.“
352 1370 483 1430 Primum
501 1371 530 1429 in
545 1371 604 1430 hoo
622 1378 799 1445 argumento
820 1373 913 1430 multa
933 1388 989 1444 pro
1010 1388 1058 1430 me
1080 1380 1193 1435 santra

194 1456 278 1529 quod
302 1455 429 1529 adparet
449 1471 466 1512 a
488 1455 553 1515 sole
574 1454 649 1513 ficri.
671 1455 753 1529 quod
773 1456 899 1528 adparet
916 1455 1002 1514 laeve
1021 1456 1165 1529 quiddam

193 1554 265 1597 esse
285 1538 416 1609 debere,
444 1536 540 1597 simile
566 1538 709 1611 speculo,
740 1539 824 1612 quod
850 1539 946 1597 solem
972 1538 1164 1612 repercutiat.

193 1621 306 1681 deiude
327 1621 411 1696 quod
432 1621 558 1695 adparet
577 1636 638 1680 non
660 1621 725 1679 fieri
744 1624 838 1681 ullum
853 1621 1002 1694 colorem,
1025 1622 1079 1681 sed
1096 1638 1164 1695 spe-

194 1706 270 1763 ciem
292 1704 360 1763 lalsi
384 1703 511 1777 colonie,
536 1704 670 1777 qualem,
692 1712 724 1765 ut
740 1704 817 1778 dixi,
839 1705 1046 1765 columbarum
1062 1706 1166 1777 cervix

194 1794 223 1846 et
237 1788 329 1847 sumit
343 1794 372 1846 et
387 1787 485 1861 ponit,
507 1787 691 1861 ubicumque
707 1787 887 1847 deflectitur.
910 1787 969 1847 hoc
984 1797 1083 1848 autem
1096 1796 1124 1847 et
1136 1788 1166 1847 in

194 1872 321 1944 speculo
340 1878 401 1943 est,
425 1872 473 1929 cai
489 1872 588 1931 nullus
600 1870 712 1946 inditur
725 1872 818 1941 color,
841 1871 896 1929 sed
910 1872 1059 1930 simulatio
1073 1887 1164 1945 quae-

194 1954 264 2012 dam
285 1954 398 2013 coloris
420 1955 519 2012 alieni.
560 1954 660 2013 Unum
681 1954 740 2012 hoc
760 1960 875 2014 tantum
896 1954 1077 2012 solvendum
1094 1952 1195 2012 mihis

194 2045 256 2110 est,
279 2036 363 2111 quod
385 2054 445 2097 non
466 2037 572 2096 visitur
593 2036 623 2095 in
645 2037 703 2096 istu
717 2036 836 2110 virgula
851 2036 925 2095 solis
940 2036 1055 2109 imago,
1077 2038 1165 2096 cuius

192 2119 273 2180 bene
295 2119 512 2193 exprimendae
533 2136 632 2194 capax
655 2136 716 2179 non
740 2127 796 2179 est.
829 2120 886 2181 ista
901 2126 1027 2178 conatur
1043 2119 1166 2192 quidem

192 2203 325 2262 reddere
342 2204 518 2276 imaginem,
541 2202 612 2278 quia
626 2203 722 2263 laevis
738 2210 785 2263 est
801 2202 925 2262 materia
940 2210 971 2261 et
986 2204 1026 2261 ad
1040 2203 1099 2261 lroc
1114 2202 1165 2260 ha-

192 2284 278 2357 bilis,
303 2287 441 2346 sednon
464 2294 577 2360 potest,
601 2287 672 2360 quia
692 2287 855 2347 enormiter
876 2287 954 2345 sacta
971 2294 1027 2346 est.
1054 2286 1080 2344 si
1096 2292 1167 2359 apte
1224 2358 1229 2365 Α
1310 2350 1313 2359 ,

194 2369 342 2428 fabricata
362 2370 454 2442 toret,
482 2370 605 2428 totidem
629 2370 772 2429 redderet
794 2370 890 2440 soles,
912 2376 987 2443 quot
1009 2369 1168 2429 habuisset

193 2452 386 2527 inseptt'ones.
412 2468 489 2526 quae
506 2453 576 2526 quia
592 2452 805 2513 discernuntur
820 2453 896 2512 inter
911 2469 960 2524 se,
980 2468 1037 2511 nec
1050 2452 1124 2511 satis
1136 2453 1166 2510 in

193 2536 293 2594 vicem
315 2535 432 2608 speculi
453 2536 560 2606 nitent,
583 2535 727 2604 inchoant
747 2542 862 2596 tantum
879 2533 1026 2607 imagines
1042 2552 1099 2594 nec
1114 2550 1166 2593 ex—

194 2619 329 2693 primunt
343 2625 372 2677 et
386 2619 425 2677 ob
439 2618 538 2693 ipsam
554 2619 695 2679 viciniam
712 2620 831 2680 turbant
845 2625 875 2677 et
888 2621 918 2676 in
934 2616 1068 2692 speciem
1084 2619 1166 2678 colo-

193 2700 236 2761 ris
252 2702 344 2761 unius
359 2702 522 2761 adducunt.

188 2851 194 2865 x
255 2785 336 2843 Vlll.
367 2787 427 2858 „At
448 2800 543 2862 quare
565 2800 654 2845 arcus
675 2801 737 2844 non
758 2785 853 2859 inplet
874 2784 991 2857 orbem,
1017 2782 1073 2843 sed
1093 2795 1195 2857 parsl

195 2867 322 2927 dimidia
343 2868 413 2927 eius·
429 2869 561 2941 videtur,
585 2884 652 2928 cum
676 2868 834 2943 plurimum
852 2868 1013 2945 porrigitur
1028 2868 1166 2927 incurva-

193 2956 355 3026 turquet“
391 2951 516 3029 Quidam
539 2953 579 3009 ita
599 2954 775 3026 opinanturz
798 2954 859 3025 sol,
881 2969 949 3030 cam
964 2952 1002 3012 sit
1016 2952 1109 3012 multo
1125 2952 1167 3010 al·

193 3034 254 3095 tior
267 3034 415 3107 nubibus,
439 3034 629 3109 esuperiore
644 3036 711 3095 illas
728 3042 843 3095 tantum
860 3036 988 3109 percutit
1003 3043 1096 3109 parte.
1119 3050 1164 3093 se·

195 3117 313 3192 quitur,
335 3124 367 3176 ut
381 3118 504 3177 interior
520 3134 590 3192 pars
606 3134 708 3177 earum
721 3135 783 3177 non
794 3126 934 3191 tangatur
945 3119 1070 3176 lumine:
1094 3132 1167 3188 ergo

195 3215 266 3260 cum
280 3200 318 3259 ab
333 3218 393 3260 una
410 3208 494 3275 parte
508 3201 604 3259 sulem
617 3201 780 3274 accipiant,
796 3216 885 3259 unam
899 3199 965 3257 eius
979 3207 1092 3273 partem
1104 3198 1167 3256 imi-

194 3290 304 3356 tantur,
327 3300 405 3357 quae
421 3300 585 3359 numquam
598 3282 721 3343 dimidia
733 3284 830 3342 maior
841 3289 896 3341 est.
932 3281 998 3341 Hoc
1009 3286 1196 3356 argument

193 3373 258 3426 tum
280 3382 386 3441 parum
404 3374 584 3442 potensest.
615 3373 732 3441 quare?
758 3366 844 3439 quia,
868 3363 1007 3439 quamvis
1023 3380 1062 3423 ex
1077 3378 1166 3437 supe-

195 3452 278 3510 riore
294 3458 379 3524 parte
394 3451 441 3511 sol
457 3451 510 3523 sit,
533 3457 626 3511 totam
641 3458 738 3510 tamen
757 3450 885 3523 percutit
900 3449 1027 3508 nubem*
1048 3462 1121 3519 ergo
1139 3454 1169 3505 et

194 3533 291 3607 tingit
314 3534 440 3607 quidni?
467 3549 534 3593 cum
556 3534 660 3592 radios
676 3534 877 3593 transmittere
892 3533 990 3593 soleat
1005 3538 1034 3590 et
1049 3545 1168 3589 omnem

194 3616 379 3676 densitatem
399 3631 607 3691 perrumpere.
642 3615 760 3675 Deinde
780 3615 958 3676 contrariam
976 3629 1039 3672 rem
1056 3629 1168 3687 propo·

195 3698 256 3761 sito
271 3699 458 3763 sno'dicunt
481 3716 552 3761 nam
566 3700 592 3761 si
608 3699 749 3775 superior
764 3706 812 3759 est
826 3699 873 3759 sol
888 3704 918 3758 et
931 3697 1001 3759 ideo
1018 3698 1167 3773 superiori
