2942 4384
323 425 386 489 234
525 432 531 442 ’
568 415 590 460 ²
606 426 640 485 L.
662 426 809 485 anuum
832 425 1007 485 suuucau

322 575 405 636 Dixit
420 576 552 650 Ingentia
568 581 597 636 et
609 582 714 637 tantae
729 573 917 634 confusionis
933 573 1093 647 imaginem
1109 574 1204 650 cepit,
1228 592 1295 636 cum

324 660 412 719 dixil:

437 744 603 817 exspatiata
618 747 710 801 ruunt
719 758 777 816 per
791 748 908 816 apertos
918 744 1044 815 flumina
1057 758 1179 817 campos

601 842 780 899 pressaeque
793 827 896 884 laborat
908 827 961 883 sub
973 827 1090 897 purpure
1104 834 1212 885 turres.

322 907 483 983 Magnifice
503 906 594 978 haec,
618 908 644 966 si
666 924 724 967 non
748 909 911 979 curaverit,
936 907 1008 981 quid
1030 916 1151 967 oveset
1171 909 1265 981 lupis
1283 942 1294 949 -

324 994 412 1056 ciant.
445 993 540 1050 natari
562 998 661 1049 autem
683 990 712 1049 ln
733 991 854 1049 dcluvio
877 999 906 1049 et
926 990 955 1048 ln
978 989 1029 1047 illa
1049 993 1157 1064 rapina
1173 999 1295 1065 potesta

323 1084 375 1134 aul
396 1092 455 1133 non
471 1076 579 1133 eodem
595 1074 697 1147 Inpelu
713 1090 824 1147 peeuS,
848 1090 907 1165 quo
923 1080 1042 1146 raptum
1057 1082 1137 1146 erat,
1160 1092 1293 1133 mersum

283 1169 313 1220 15
322 1164 406 1217 erat?
441 1158 613 1231 concepisti
629 1158 788 1229 imaginem
803 1166 945 1230 quantam
957 1156 1091 1215 debebas
1106 1159 1222 1217 obrutis
1235 1165 1293 1217 ter·

324 1241 366 1299 rIs
389 1240 526 1299 omnibus
548 1242 633 1299 coelo
654 1241 723 1313 ipso
746 1241 774 1297 in
796 1249 905 1299 terram
924 1247 1044 1298 ruente:
1069 1243 1179 1313 perfer.
1212 1240 1293 1300 scies

225 1396 227 1401 ἲ
326 1324 398 1398 quid
415 1324 533 1396 deceat,
557 1324 582 1382 si
600 1324 779 1397 cogitaveris
795 1324 897 1381 orbem
913 1331 1060 1381 terrarum
1074 1332 1188 1403 natare,

296 1420 311 1469 1
384 1407 515 1466 XXVIII.
543 1407 629 1465 Nunc
649 1408 688 1466 ad
708 1407 898 1480 propositum
919 1412 1114 1465 revertamur.
1149 1406 1226 1466 Sunt
1242 1409 1292 1482 qui

324 1492 495 1550 existimant
513 1490 670 1549 inmodicis
691 1489 837 1548 imbribus
857 1489 962 1547 vexari
983 1497 1079 1548 terras
1099 1505 1209 1563 posse,
1232 1508 1291 1549 non

324 1574 425 1633 obrui:
452 1589 562 1646 magno
584 1573 687 1647 inpetu
703 1587 813 1645 magna
827 1572 963 1630 ferienda
977 1580 1056 1631 sunt.
1083 1572 1174 1631 saciet
1189 1575 1293 1645 pluvia

325 1665 445 1729 segetes
466 1658 574 1727 malas,
598 1657 725 1714 lructum
740 1656 856 1727 grando
874 1655 1018 1726 decutiet,
1038 1656 1240 1715 intumescent
1254 1658 1288 1714 ri·

296 1739 370 1801 uvis
382 1738 519 1797 ssurnlna:
532 1739 587 1797 sed
600 1739 743 1797 resident.
767 1737 952 1809 Quibusdam
968 1740 1065 1811 placet
1075 1755 1197 1797 movere
1208 1754 1292 1797 mare

322 1829 351 1881 et
371 1822 451 1895 illinc
472 1837 594 1879 causam
614 1828 713 1880 tantae
728 1822 823 1879 cladis
839 1837 1013 1880 accersere:
1038 1838 1097 1881 non
1113 1829 1217 1894 potest
1231 1828 1293 1880 tor-

320 1903 448 1963 rentium
465 1912 515 1962 aut
526 1904 664 1962 Imbrium
676 1913 727 1964 aut
738 1904 893 1963 fluminum
906 1904 1014 1961 Iniuria
1026 1904 1090 1962 fieri
1104 1911 1163 1962 tana
1175 1906 1291 1977 grande

321 1988 520 2061 naulraqum.
544 1988 592 2046 ubi
609 1988 698 2047 instat
712 1987 763 2045 illa
779 1987 926 2062 pernicies
942 1987 1110 2059 mutarique
1124 1987 1290 2046 humanum

321 2086 417 2145 genus
433 2071 557 2144 placuit,
574 2070 669 2129 fluere
685 2070 831 2134 adsiduos
844 2071 955 2128 imbres
968 2076 997 2128 et
1010 2086 1069 2127 non
1083 2085 1153 2129 esse
1166 2070 1290 2128 modum

322 2154 431 2229 pluvIIs
452 2155 671 2213 concesserim:
694 2152 872 2227 suppressis
890 2152 1083 2225 aquilonibus
1098 2159 1127 2211 et
1141 2152 1218 2213 flatu
1232 2152 1291 2214 sic-

228 2289 229 2293 ,
322 2238 403 2296 ciore
418 2237 529 2295 austris
545 2238 641 2295 nubes
657 2246 687 2296 et
701 2237 814 2296 imbres
830 2242 860 2294 et
874 2252 980 2295 amnes
996 2236 1160 2295 abundare.

403 2319 464 2378 Sed
477 2320 577 2378 adbuc
593 2322 624 2377 r'u
638 2323 748 2378 damna
760 2320 927 2393 profectum
941 2326 999 2378 est:

403 2408 573 2460 sterutumrr
585 2409 694 2475 sepetes
706 2408 735 2461 et
748 2404 901 2476 deplorata
916 2406 1025 2461 colonis

403 2491 467 2543 vote
481 2488 579 2544 laceat
590 2488 726 2558 tonpr‘que
734 2489 818 2560 perit
829 2487 914 2544 labor
927 2488 1032 2545 r'urr'tus
1046 2487 1127 2544 quui.

293 2567 385 2633 3Non
406 2567 486 2625 laedi
505 2575 603 2626 terrae
627 2568 751 2639 debent,
781 2568 837 2627 sed
858 2567 1014 2627 abscondi.
1060 2566 1198 2640 Denique
1221 2583 1288 2626 cum

320 2668 376 2727 per
389 2652 447 2709 Ista
463 2652 618 2724 prolusum
632 2658 692 2725 est,
708 2659 850 2710 crescunt
861 2650 969 2723 maria,
985 2652 1039 2709 sed
1051 2667 1145 2724 super
1157 2652 1287 2721 solitum,

320 2741 350 2793 et
364 2734 487 2793 fluctum
503 2737 580 2793 ultra
594 2743 760 2794 extremum
772 2736 959 2807 tempestatis
971 2734 1118 2792 maximae
1129 2734 1288 2806 vestigium

319 2817 444 2876 mittunt.
468 2818 578 2875 deinde
596 2834 613 2876 a
629 2825 713 2890 tergo
729 2817 825 2875 ventis
841 2816 1034 2889 surgentibus
1050 2818 1155 2889 ingens
1171 2832 1288 2891 aequor

320 2901 475 2968 evolvunt,
500 2900 583 2972 quod
604 2902 693 2972 longe
714 2916 731 2958 a
747 2907 915 2971 conspectu
930 2898 1080 2958 Interioris
1095 2900 1191 2958 litoriS
1208 2902 1285 2958 fran-

320 2982 406 3054 gitur.
430 2981 540 3039 deinde
555 2982 606 3039 ubi
619 2984 687 3040 litus
703 2982 751 3039 bis
768 2984 815 3040 vel
830 2989 875 3040 ter
889 2984 1039 3055 prolatum
1055 2990 1145 3041 estet
1161 2984 1287 3055 pelagus

319 3064 348 3121 ln
366 3064 463 3122 alieno
481 3065 627 3137 constitit,
649 3066 731 3122 velut
747 3065 868 3123 admoto
885 3068 964 3123 malo
980 3065 1116 3125 comInus
1139 3067 1287 3138 procurrit

291 3152 421 3206 laestus
434 3164 472 3206 ex
484 3148 542 3206 imo
554 3163 681 3206 recessu
692 3148 794 3206 maris.
813 3164 884 3206 nam
895 3155 926 3205 ut
938 3148 1027 3221 alins,
1042 3156 1075 3207 ut
1086 3148 1226 3220 aetheris,
1243 3150 1287 3208 sic

318 3229 407 3289 huius
416 3231 552 3289 elementi
564 3233 646 3305 larga
657 3232 780 3289 materia
788 3239 835 3289 est
844 3232 999 3304 multoque
1008 3232 1037 3289 in
1046 3232 1148 3289 abdito
1158 3232 1286 3305 plenior.

317 3311 394 3372 haee
415 3314 482 3372 falls
503 3322 598 3385 mota,
626 3331 684 3373 non
707 3323 794 3373 aestu
809 3322 890 3386 (uam
906 3322 1008 3373 aestus
1025 3315 1076 3373 lali
1090 3315 1287 3373 ministerium

318 3401 377 3466 est)
398 3396 513 3455 adtollit
529 3405 616 3456 vasto
633 3396 701 3455 sinu
716 3398 823 3456 fretum
840 3398 961 3469 agitque
976 3404 1045 3455 ante
1060 3412 1104 3455 se.
1132 3397 1243 3456 deinde
1258 3399 1286 3456 in

317 3481 421 3537 miram
437 3480 621 3539 altitudInem
638 3480 761 3553 erigitur
776 3487 805 3538 ct
819 3480 877 3538 illis
894 3479 965 3537 tutis
980 3479 1135 3538 hominnm
1150 3486 1287 3554 recepta·

318 3563 394 3620 culis
410 3570 560 3641 superest.
583 3578 640 3621 nec
656 3563 684 3628 id
701 3562 790 3636 aquIs
806 3564 932 3621 arduum
948 3570 1009 3634 est,
1031 3564 1174 3636 quoniam
1187 3579 1287 3637 aequo

289 3644 405 3704 §terris
421 3646 540 3723 fastigio
553 3646 729 3705 adscendet.
765 3645 797 3705 Si
809 3646 877 3722 quis
889 3647 1013 3718 excelsa
1025 3646 1178 3721 perlibret‚
1194 3649 1288 3707 maria
