2942 4384
387 445 527 506 unum.
544 443 705 531 ouansr.
730 444 865 505 ntem.
887 454 932 547 ce.
947 453 990 508 lc.
1114 446 1177 509 aaa

200 597 271 654 lacu
292 592 420 666 vehitur,
442 593 500 652 alia
520 593 549 651 in
573 594 640 653 lacu
656 592 834 654 Statoniensi
849 602 906 655 est.
945 596 1117 656 Cutiliarum
1133 597 1175 655 in-

199 680 270 738 sula
289 676 415 736 arbores
430 675 522 735 habet
535 684 565 735 et
579 676 689 735 herbas
705 678 810 737 nutrit:
832 685 932 737 tamen
951 694 1031 753 aqua
1046 681 1175 740 sustinc-

199 769 250 819 tur
265 766 296 818 et
308 759 338 817 in
353 759 431 817 hanc
446 766 536 832 atque
552 760 632 817 illam
649 767 764 833 partem
783 778 842 820 uon
859 770 948 820 vento
970 768 1098 834 tantum,
1121 764 1176 822 sed

199 858 276 901 aura
290 842 478 916 conpellitur,
494 857 551 901 nec
565 859 709 917 umquam
721 844 762 902 illi
775 860 830 917 per
842 843 921 904 diem
934 860 971 904 ac
982 851 1102 903 noctem
1113 862 1175 904 uno

200 928 271 986 loco
293 925 382 984 statio
408 931 470 983 est=
492 925 570 984 adeo
597 933 734 985 movetur
756 926 816 984 levi
842 926 925 987 flatu.
960 928 1037 987 Huic
1062 929 1203 1002 duplexo

200 1022 297 1068 eausa
317 1014 378 1067 este
404 1023 503 1082 aquae
523 1009 654 1082 gravitas
675 1009 859 1080 medicatae,
883 1011 922 1069 ob
943 1011 1003 1069 hoc
1023 1011 1175 1084 pondero·

201 1107 272 1162 sae,
301 1096 332 1149 et
348 1090 447 1164 ipsius
468 1092 586 1150 insulae
606 1093 733 1151 materia
753 1093 927 1166 vectabiliS,
951 1110 1031 1167 quae
1053 1104 1178 1154 nonest

201 1174 343 1247 eorporls
354 1173 458 1248 solidi,
476 1173 615 1248 quamvis
627 1175 755 1235 arbores
768 1178 835 1235 alat.
858 1177 990 1236 fortasse
1001 1178 1079 1235 enim
1092 1180 1176 1236 leves

199 1264 328 1316 truncos
344 1256 530 1331 frondesque
545 1258 573 1315 ln
591 1258 660 1317 lacu
671 1274 799 1332 sparsas
812 1259 933 1332 pinguis
945 1259 1054 1319 humor
1066 1261 1176 1334 adpreu

199 1338 307 1399 hendit
327 1354 363 1398 ac
386 1339 488 1399 vinxit.
524 1340 630 1414 ltaque
652 1340 742 1400 etiam
763 1342 867 1415 siqua
888 1341 916 1400 in
937 1342 988 1399 illa
1003 1358 1079 1401 saxa
1097 1350 1217 1413 sunt,lo

200 1421 340 1481 invenies
362 1438 480 1496 aquosa
502 1431 532 1482 et
550 1423 705 1496 fistulosa,
735 1424 835 1497 qualia
856 1432 927 1483 sunt
947 1439 1027 1497 quae
1050 1426 1175 1484 duratus

199 1506 312 1565 humor
333 1506 440 1579 elficit,
464 1507 569 1580 utique
590 1506 671 1565 circa
691 1508 909 1566 medicatorum
931 1508 1056 1566 fontium
1082 1509 1175 1569 rivos.

201 1602 301 1663 quare
321 1588 372 1647 ubi
391 1597 588 1662 purgamenta
603 1606 751 1664 aquarum
767 1592 943 1649 coaluerunt
958 1597 987 1649 et
1002 1607 1111 1665 spuma
1125 1608 1174 1649 so-

200 1672 328 1741 lidatur,
352 1672 528 1731 necessario
549 1673 616 1731 leve
638 1679 699 1745 est,
721 1674 803 1747 quod
825 1689 864 1731 ex
883 1680 1014 1733 ventoso
1032 1674 1176 1749 inanique

201 1759 379 1813 concretum
400 1762 457 1813 est.
502 1753 757 1827 Quorumdam
789 1772 907 1816 causa
940 1774 1012 1816 non
1045 1759 1215 1831 potestll

199 1836 327 1896 reddi:
352 1853 446 1909 quare
467 1854 547 1911 aqua
566 1838 694 1897 Nilotica
715 1839 909 1898 secundiores
931 1839 1059 1899 seminas
1076 1841 1174 1911 iaciat,

198 1921 281 1981 adeo
296 1925 330 1979 ut
344 1922 541 1993 quarumdam
557 1922 676 1980 viscera
691 1922 783 1995 longa
795 1922 951 1981 sterilitate
964 1925 1125 1996 praeclusa
1137 1924 1175 1983 ad

200 2009 384 2079 conceptum
406 2002 598 2063 relaxaverit.
628 2020 722 2084 quare
744 2005 893 2078 quaedam
912 2006 941 2063 in
963 2006 1059 2082 Lycia
1076 2021 1175 2080 aquae

201 2094 385 2162 conceptum
410 2086 586 2145 feminarum
612 2087 802 2159 custodiant,
831 2104 908 2161 quas
935 2089 1036 2147 solent
1062 2096 1173 2161 petere,

202 2172 316 2244 quibus
333 2186 439 2244 parum
453 2178 544 2229 tenax
559 2172 650 2229 vulva
664 2176 720 2229 est.
757 2170 845 2242 Quod
860 2172 898 2229 ad
916 2186 964 2229 me
979 2171 1101 2242 adtinet,
1119 2188 1174 2245 po-

200 2270 241 2316 no
259 2254 316 2312 ista
331 2252 409 2313 inter
419 2260 533 2314 temere
542 2255 674 2327 volgata.
698 2252 848 2312 Creditum
862 2262 908 2313 est
917 2255 1066 2327 quasdam
1078 2268 1174 2328 aquas

201 2337 337 2397 scabiem
357 2336 477 2395 adlerre
492 2336 689 2411 corporibuS,
714 2337 863 2411 quasdam
877 2338 1051 2410 vitiliginem
1067 2343 1096 2396 et
1111 2339 1174 2396 loe·

201 2420 272 2478 dam
293 2433 333 2477 ex
348 2419 417 2478 albo
435 2420 624 2491 varietatem,
648 2421 713 2479 sive
728 2420 829 2479 iulusa
843 2421 908 2480 sive
923 2427 995 2495 pota
1011 2421 1064 2480 sit:
1091 2420 1174 2495 quod

203 2503 309 2561 vitium
328 2501 433 2561 dicunt
450 2502 562 2561 habere
579 2520 689 2578 aquam
705 2520 721 2563 e
736 2519 806 2563 rore
822 2504 988 2563 collectam.
1027 2503 1099 2575 Quis
1117 2509 1216 2563 nonin

201 2584 401 2660 gravissimas
423 2601 494 2644 esse
515 2601 612 2659 aquas
630 2587 750 2658 credat,
774 2587 897 2659 quaein
912 2588 1088 2663 crystallum
1105 2601 1174 2646 coe

200 2674 275 2727 unt?
297 2675 584 2749 contraautemest:
605 2670 790 2729 tenuissimis
803 2668 882 2727 enim
894 2668 953 2727 hoe
965 2668 1079 2741 evenit,
1097 2683 1174 2741 quas

201 2751 299 2823 frigus
322 2751 361 2809 ob
382 2752 480 2830 ipsam
500 2750 674 2811 tenuitatem
691 2751 831 2811 facillime
848 2754 937 2825 gelat.
972 2751 1060 2810 Unde
1074 2757 1174 2810 autem

201 2834 256 2893 liat
276 2834 426 2892 eiusmodi
447 2834 542 2909 lapis,
564 2836 646 2908 apud
668 2835 802 2893 Graecos
823 2850 862 2893 ex
885 2836 955 2909 ipso
978 2834 1099 2893 nomine
1120 2834 1173 2893 ad-

201 2922 306 2991 paret:
333 2908 540 2993 κρύσταλλον
560 2918 637 2977 enim
660 2918 814 2992 adpellant
832 2934 931 2993 aeque
946 2918 1026 2977 hunc
1045 2919 1174 2991 perluri·

202 3001 275 3059 dum
290 2998 422 3073 lapidem
439 3017 529 3074 quam
544 3002 623 3059 illam
640 3002 782 3075 glaciem,
804 3016 843 3060 ex
859 3020 920 3076 qua
935 3000 1093 3075 lieri'lapis
1109 3016 1173 3059 cre

200 3082 292 3141 ditur.
321 3097 401 3156 aqua
415 3085 494 3141 enlm
509 3086 650 3143 coelestis
668 3084 821 3144 minimum
836 3085 867 3142 in
882 3101 916 3143 se
931 3081 1042 3143 terreni
1057 3083 1174 3142 habens

202 3181 273 3225 cum
285 3162 430 3238 induruit,
446 3165 590 3240 longioris
604 3166 724 3239 trigoris
740 3166 903 3238 pertinacia
914 3167 1066 3238 spissatur
1078 3167 1173 3237 magis
1260 3182 1262 3187 ·

202 3264 240 3307 ac
261 3248 371 3321 magiS,
395 3249 493 3307 donec
507 3249 587 3307 ouini
602 3251 673 3307 aere
688 3249 816 3305 excluso
833 3248 861 3304 in
879 3262 913 3305 se
928 3252 991 3306 tota
1005 3261 1175 3320 conpressa

201 3338 251 3390 est
265 3337 296 3388 et
309 3330 418 3390 humor
433 3333 484 3405 qui
500 3333 610 3405 luerat,
634 3331 710 3404 lapis
727 3328 855 3387 effeetus
871 3336 927 3388 est.

265 3412 372 3472 XXVI.
400 3417 561 3474 Aestate
588 3413 772 3486 quaedam
796 3412 954 3471 flumina
975 3419 1202 3487 eugenium

200 3504 236 3556 ut
256 3495 357 3568 Nilus,
385 3498 472 3559 euius
494 3499 569 3557 alias
589 3499 665 3556 ratio
687 3496 841 3556 reddetur.
880 3496 1107 3570 Theophrastus
1128 3503 1176 3555 est

201 3586 325 3651 auctor,
347 3580 377 3639 in
396 3580 492 3641 Ponto
515 3596 639 3655 quoque
660 3580 811 3653 quosdam
826 3596 931 3639 amnes
948 3594 1086 3639 crescere
1101 3585 1173 3638 tem-

201 3662 419 3740 poreaestivo.
443 3672 573 3740 quatuor
585 3679 656 3723 esse
668 3664 802 3724 iudicant
813 3679 938 3723 causas:
960 3672 1011 3723 aut
1022 3662 1093 3738 quia
1104 3669 1175 3722 tune
