2942 4384
316 473 379 536 226
606 472 639 531 L.
661 472 808 531 ANNAEI
831 471 1006 532 SENECAE

315 624 432 698 virgam
451 624 500 682 vel
522 622 660 683 trondem
682 619 880 694 demerseris,
900 621 1031 696 lapidem
1046 628 1118 695 post
1135 621 1203 681 dies
1219 638 1291 697 pau·

317 724 372 769 cos
394 706 536 766 extrahis.
567 704 817 765 circumfunditur
836 705 914 763 enirn
937 704 1059 778 corpori
1081 705 1172 764 limus
1185 707 1292 765 adlini-

317 798 426 865 turque
443 790 593 864 paulatim.
630 789 696 847 Hoc
712 789 811 846 minus
826 788 878 846 tibi
893 788 1045 847 videbitur
1056 788 1179 862 mirum,
1200 788 1226 847 si
1239 808 1293 849 no·

316 875 428 932 laveris
450 871 576 931 Albulas
593 878 623 930 et
644 874 707 929 lere
722 871 930 945 sulphuratam
945 887 1054 945 aquarn
1071 871 1152 929 circa
1169 876 1292 931 canales

287 958 391 1016 bsuos
411 957 557 1030 ripasque
579 954 689 1014 durari.
731 955 830 1014 Altam
851 954 965 1012 habent
985 970 1108 1013 oausam
1134 955 1176 1014 illi
1197 956 1291 1028 lacus,

670 1054 743 1112 quos
756 1041 878 1112 quisque
891 1044 925 1097 at
932 1038 1075 1110 faucibus
1090 1039 1199 1111 bausit,

316 1130 349 1184 ut
363 1123 442 1182 idem
459 1129 550 1196 poeta
564 1118 613 1194 ait,

378 1213 431 1265 aat
440 1206 521 1279 fartt
533 1212 585 1264 aut
591 1208 709 1280 patitur
723 1208 829 1264 miram
842 1206 991 1277 pravitate
1003 1221 1145 1279 soporem

318 1290 451 1350 Similem
476 1289 536 1346 vim
561 1288 673 1347 habent
697 1304 803 1359 mero,
837 1289 893 1346 sed
919 1288 1186 1347 vehementiorem.
1224 1306 1292 1348 nam

318 1373 574 1447 quemadmodum
591 1372 737 1444 ebrietas,
760 1371 858 1429 donec
874 1371 1054 1445 exsiccetur,
1077 1372 1231 1431 dementia
1246 1380 1293 1432 cst

317 1465 347 1516 et
367 1457 458 1514 nimia
477 1456 624 1528 gravitate
645 1456 779 1513 defertur
800 1454 828 1511 in
848 1470 1003 1513 somnum:
1026 1456 1070 1513 sie
1085 1454 1176 1514 huius
1192 1472 1292 1531 aquae

317 1540 483 1613 sulphurea
503 1539 550 1598 vis
568 1544 620 1610 [et]
636 1537 752 1595 habens
769 1539 922 1612 quoddam
939 1539 1038 1597 aerius
1054 1554 1092 1596 ex
1110 1541 1182 1597 aere
1198 1540 1291 1599 noxio

287 1624 398 1681 fivirus
414 1628 544 1680 mentem
559 1628 610 1679 aut
625 1622 726 1680 lurore
742 1627 844 1681 movet
856 1628 907 1680 aut
920 1637 1033 1697 sopore
1044 1621 1197 1695 opprimit.
1226 1624 1292 1682 Hoc

315 1706 490 1765 lrabetmali

874 1789 1020 1865 Lyncetas
1034 1792 1138 1861 amnis,

398 1888 482 1946 quem
498 1874 672 1946 puteumque
683 1888 794 1947 param
807 1874 958 1933 moderato
968 1880 1087 1946 puttare
1102 1874 1205 1944 traxit,

398 1958 472 2015 boat
485 1960 572 2016 aliter
588 1958 704 2029 titubat,
726 1974 815 2029 qaam
829 1960 857 2016 si
868 1974 951 2016 mera
966 1961 1035 2015 aina
1049 1958 1173 2016 bibisset.

286 2049 302 2099 1
376 2039 453 2098 XXI.
481 2041 514 2097 In
531 2039 681 2113 quosdam
703 2055 817 2112 specus
837 2039 889 2114 qui
906 2040 1094 2115 despexere,
1113 2037 1290 2097 moriuntur.

314 2133 375 2185 tam
392 2124 482 2184 volox
497 2125 608 2183 malum
624 2130 684 2194 est,
707 2131 740 2182 ut
753 2125 976 2182 transvolantes
989 2140 1063 2182 aves
1076 2122 1200 2181 deleiat:
1222 2122 1289 2180 talis

315 2215 363 2268 est
383 2223 449 2281 aer,
472 2208 541 2266 talis
563 2208 664 2277 laone,
688 2222 726 2263 ex
744 2224 805 2278 quo
826 2208 923 2265 letalis
939 2223 1019 2281 aqua
1034 2206 1166 2265 distillat.
1203 2204 1290 2277 Quod

315 2292 342 2350 si
357 2290 515 2349 remissior
535 2288 591 2347 luit
605 2288 684 2347 aeris
700 2295 729 2347 ct
743 2289 803 2348 loci
818 2291 928 2364 pestiS,
951 2291 1019 2364 ipsa
1036 2304 1159 2364 quoque
1175 2294 1289 2361 tempe-

314 2372 409 2432 ratior
419 2389 501 2431 noxa
512 2372 584 2431 nihil
597 2388 643 2429 arn
648 2372 726 2444 plius
738 2389 829 2447 quam
841 2380 966 2447 temptat
977 2390 1089 2433 nervos
1099 2374 1183 2431 velut
1195 2372 1288 2431 ebrie-

285 2458 375 2517 atate
396 2463 562 2530 torpentes.
604 2455 667 2513 Neo
688 2457 795 2529 miror,
818 2459 843 2515 si
859 2457 945 2516 locus
961 2466 1053 2532 atque
1068 2472 1120 2515 aer
1135 2471 1232 2529 aquas
1248 2455 1288 2513 in-

225 2533 230 2541 ’
313 2539 377 2600 ficit
391 2540 568 2615 similesque
582 2538 760 2613 regionibus
778 2540 892 2613 reddit,
917 2556 972 2615 per
987 2556 1064 2615 quas
1080 2546 1164 2598 etex
1180 2539 1288 2612 quibus

313 2624 453 2684 veniunt:
475 2621 579 2699 pabuli
594 2639 689 2697 sapor
703 2624 832 2697 adparet
844 2624 873 2681 in
889 2626 982 2695 lacte,
1004 2631 1033 2683 et
1049 2622 1109 2681 vini
1124 2621 1172 2680 vis
1188 2618 1288 2679 existit

314 2708 343 2766 in
367 2714 465 2769 aceto.
499 2706 587 2767 Nulla
609 2722 661 2766 res
682 2714 744 2780 est,
771 2722 850 2781 quae
870 2724 931 2767 non
954 2708 1034 2781 eiuS,
1063 2722 1124 2782 quo
1145 2706 1287 2775 nascitur,

312 2798 402 2851 notas
417 2790 535 2849 reddat.

374 2872 465 2932 XXll.
488 2872 605 2934 Aliud
627 2880 686 2934 est
702 2890 886 2948 aquarum
903 2890 1041 2948 genus,
1062 2872 1287 2948 quodnobis

313 2957 444 3031 placet
472 2957 655 3031 coepisse
685 2974 765 3016 eum
793 2957 950 3018 mundoz
983 2959 1049 3017 sive
1074 2957 1123 3015 ille
1148 2964 1288 3015 aeternus

314 3047 376 3114 est,
401 3039 476 3099 haec
499 3056 623 3116 quoque
644 3041 699 3100 luit
718 3055 854 3115 semper,
878 3040 945 3100 sive
966 3041 1082 3100 initium
1103 3040 1230 3115 aliquod
1244 3048 1290 3097 est

313 3122 370 3196 illi,
392 3122 470 3182 haec
489 3140 612 3200 quoque
635 3140 702 3183 cum
720 3131 784 3183 toto
801 3123 951 3198 disposita
967 3132 1023 3184 est.
1060 3124 1143 3197 Quae
1158 3124 1199 3182 sit
1213 3122 1288 3182 haee

314 3208 458 3283 quaeris?
494 3207 670 3268 Oceanus
691 3215 719 3267 et
731 3208 948 3282 quodcumque
960 3224 999 3267 ex
1012 3210 1063 3267 illo
1076 3216 1173 3267 terras
1188 3221 1288 3265 mare

312 3291 454 3349 interluit.
494 3291 632 3350 ludicant
653 3289 776 3366 quidam
804 3292 966 3350 llumina
989 3308 1128 3367 quoque,
1158 3306 1289 3365 quorum

312 3373 523 3434 inenarrabilis
545 3382 652 3434 natura
672 3380 733 3445 est,
757 3390 825 3433 curn
846 3374 915 3448 ipso
930 3376 1044 3435 mundo
1061 3374 1194 3434 traxisse
1209 3374 1288 3448 prin-

313 3458 406 3532 cipia,
434 3464 467 3517 ut
487 3458 611 3531 Istrum,
633 3465 666 3517 ut
684 3458 797 3529 Nilum,
821 3466 927 3530 vastos
949 3475 1054 3518 amnes
1071 3459 1231 3533 magisque
1246 3458 1286 3515 in·

312 3540 431 3613 signes,
457 3556 548 3616 quam
568 3548 601 3600 ut
616 3540 675 3600 dici
690 3539 792 3616 possit
805 3542 941 3600 eamdem
957 3542 1016 3602 illis
1033 3540 1179 3616 originem
1198 3557 1289 3616 quam

312 3624 422 3683 ceteris
438 3640 518 3683 esse.

344 3723 346 3728 ’
373 3706 476 3766 ΧΧΙΙΙ.
508 3708 609 3767 Haec
635 3715 694 3768 est
725 3723 818 3783 ergo
848 3725 1032 3784 aquarum
1061 3707 1227 3783 divisio,
1258 3714 1289 3769 ut
