2942 4384
271 464 313 529 48
546 466 580 526 L.
602 465 749 527 ANNAEI
771 464 946 526 SENECAE

273 617 321 682 sui
336 614 420 677 iuris.
441 631 520 691 quae
535 615 612 676 adeo
628 614 725 675 libera
738 623 768 676 et
781 630 860 689 vaga
874 623 936 686 est,
958 623 991 675 ut
1005 630 1043 676 ne
1056 613 1094 674 ab
1107 616 1168 677 hoe
1180 615 1239 691 qui·

273 701 343 762 dem
359 715 490 773 carcere,
507 700 556 759 eui
570 700 689 759 inclusa
704 706 759 772 est,
775 698 871 760 teneri
887 706 992 773 queat,
1011 701 1186 773 quominus
1201 702 1241 759 in·

275 792 345 861 petu
366 800 422 843 suo
440 791 540 843 utatur
562 790 592 843 et
611 784 744 856 ingentia
765 790 835 856 agat
856 789 886 841 et
910 783 938 841 in
966 781 1115 842 infinitum
1140 799 1241 843 eomes

241 866 458 930 tenelestibus
474 872 571 925 exeat.
604 866 721 940 Corpus
744 865 848 941 itaque
869 873 917 924 est
937 867 1019 940 quod
1042 866 1168 926 domino
1184 868 1238 926 lor·

272 958 346 1012 tuna
365 949 497 1010 tradidit.
538 948 597 1008 hoa
622 951 707 1022 emit,
729 950 789 1009 hoe
811 950 928 1009 vendit:
952 950 1076 1009 interior
1096 948 1149 1009 illa
1173 966 1241 1024 pars

272 1032 424 1107 mancipio
445 1033 511 1092 dari
529 1050 590 1093 non
611 1040 721 1107 potest.
757 1033 805 1113 Ab
825 1032 883 1091 hac
905 1032 1050 1107 quiequid
1072 1032 1155 1092 venit
1172 1033 1241 1092 libe

271 1134 338 1176 rum
353 1122 414 1176 est:
437 1132 494 1176 nee
509 1116 589 1177 enim
604 1123 656 1175 aut
675 1134 733 1176 nos
754 1115 855 1177 omnia
878 1116 982 1175 iubere
1005 1131 1172 1190 possumus
1195 1124 1241 1175 aut

271 1200 301 1260 in
318 1201 419 1263 omnia
433 1195 513 1259 servi
530 1215 636 1274 parere
652 1208 808 1272 eoguntur.
838 1208 944 1261 eontra
957 1200 1176 1273 rempublicam
1191 1200 1240 1259 im-

272 1292 377 1359 perata
392 1300 452 1343 non
469 1283 594 1357 lanient,
610 1284 683 1342 nulli
698 1285 808 1342 saeleri
822 1299 928 1343 manns
944 1283 1193 1342 commodabunt

241 1378 255 1429 1
332 1368 408 1427 XXI.
426 1367 580 1440 Quaedam
600 1374 671 1427 sunt
686 1382 766 1441 quae
781 1368 865 1440 leges
882 1382 938 1425 nee
953 1365 1056 1426 iubent
1070 1381 1128 1424 nee
1143 1371 1241 1426 vetant

272 1451 387 1509 iacere:
410 1451 440 1509 in
455 1451 503 1509 his
519 1466 627 1510 servus
643 1450 799 1510 materiam
814 1448 954 1508 beneficii
969 1449 1074 1509 habet:
1097 1448 1240 1523 quamdiu

214 1529 216 1533 ’
273 1541 444 1608 praestatur
460 1534 543 1607 quod
559 1551 576 1594 a
592 1549 682 1592 servo
698 1533 779 1606 exigi
795 1535 889 1604 solet,
902 1532 1099 1591 ministerium
1112 1540 1170 1592 est.
1192 1531 1239 1591 ubi

271 1618 341 1691 plus
359 1610 450 1690 quam
466 1617 549 1691 quod
572 1632 663 1675 serve
684 1632 814 1676 neeesse
828 1623 889 1688 est,
911 1616 1104 1676 beneficium.
1139 1614 1194 1675 ubi
1213 1615 1239 1673 in

239 1699 423 1761 aadtectum
438 1698 527 1758 amiel
542 1698 664 1773 transit,
687 1700 799 1760 desinit
814 1700 916 1759 vocari
938 1699 1145 1759 ministerium.
1189 1698 1240 1758 Est

271 1781 396 1855 aliquid,
413 1784 496 1857 quod
507 1783 647 1841 dominus
662 1791 817 1857 praestare
830 1799 921 1843 servo
938 1783 1056 1855 debeat,
1071 1790 1104 1841 nt
1118 1783 1239 1853 cibaria,

270 1871 305 1923 ut
324 1865 509 1925 vestiarium.
538 1882 627 1925 nemo
654 1866 713 1926 hoe
734 1868 810 1926 dixit
834 1868 1030 1925 beneficiumt
1059 1874 1089 1925 at
1115 1866 1239 1925 indulsit

270 1947 439 2023 liberalius,
456 1949 610 2024 educavit,
628 1957 708 2010 artes
724 1951 835 2024 quibus
851 1951 1028 2010 erudiuntur
1042 1950 1168 2023 ingenui
1186 1956 1237 2008 tra-

270 2032 359 2092 didit:
381 2032 563 2092 beneficium
587 2042 643 2094 est.
687 2034 770 2092 ldem
792 2050 808 2091 e
830 2034 981 2094 contrario
1003 2033 1036 2092 lit
1054 2033 1085 2090 in
1108 2048 1241 2107 persona

269 2117 366 2175 servi:
390 2117 535 2191 quiequid
550 2124 611 2189 est,
630 2118 713 2191 quod
729 2118 849 2176 servilis
865 2118 958 2176 ollieii
974 2117 1134 2176 formulam
1151 2131 1239 2175 exce

269 2199 327 2269 dit,
349 2201 431 2272 quod
449 2217 507 2259 non
525 2216 561 2258 ex
579 2200 723 2273 imperio,
744 2201 800 2259 sed
822 2217 860 2259 ex
879 2202 1033 2259 voluntate
1060 2207 1239 2274 praestatur,

268 2281 450 2340 beneficium
468 2290 529 2354 est,
552 2282 578 2343 si
600 2285 691 2343 modo
716 2291 831 2343 tantum
853 2292 911 2356 est,
936 2292 968 2343 ut
982 2283 1041 2343 hoe
1058 2284 1164 2343 vocari
1185 2299 1239 2358 pe

269 2365 359 2423 tuerit
374 2364 510 2438 quolibet
524 2366 583 2426 alio
599 2374 781 2440 praestante.

240 2458 255 2510 l
328 2447 419 2507 XXll.
436 2447 565 2522 servae,
578 2457 612 2509 ut
626 2452 725 2523 placet
737 2450 927 2527 Chrysippo,
944 2457 1111 2525 perpetuus
1123 2465 1237 2508 meree-

269 2530 371 2589 narius
384 2537 440 2591 est.
471 2532 731 2605 Quemadmodum
752 2534 801 2592 ille
815 2534 996 2593 beneficium
1015 2534 1079 2607 dat,
1100 2534 1152 2593 ubi
1170 2536 1238 2608 plus

268 2621 403 2688 praestat
428 2632 518 2690 quam
543 2616 572 2674 in
601 2618 684 2691 quod
705 2633 816 2692 operas
839 2618 964 2691 locavit,
986 2618 1031 2676 sie
1052 2633 1164 2676 servus
1187 2616 1238 2676 ubi

267 2697 478 2759 benevolentia
496 2716 569 2774 erga
584 2702 737 2761 dominum
754 2702 892 2760 fortunae
910 2716 984 2760 suae
1000 2702 1124 2761 modum
1138 2708 1238 2760 trans-

266 2778 299 2839 iit
320 2788 350 2839 et
370 2782 459 2842 altius
478 2782 592 2857 aliquid
615 2801 708 2844 ausus
730 2784 814 2857 quod
835 2786 924 2845 etiam
946 2785 1063 2843 ielieius
1086 2784 1166 2843 natis
1186 2784 1237 2842 de-

267 2861 330 2921 cori
356 2873 440 2923 esset
466 2871 517 2936 [et]
540 2882 625 2939 spem
649 2867 762 2925 domini
786 2868 963 2939 antecessit,
985 2867 1170 2927 beneficium
1191 2874 1240 2926 est

235 2952 251 3003 a
265 2942 342 3003 intra
358 2946 481 3006 domum
498 2949 661 3009 inventum.
693 2951 741 3008 An
757 2967 886 3024 aequum
904 2950 957 3011 tibi
974 2951 1108 3021 videtur,
1125 2950 1237 3024 quibus

267 3027 408 3088 siminus
432 3031 534 3090 debito
549 3032 674 3104 iaciant,
698 3034 869 3103 irascimur,
892 3051 952 3094 nnn
974 3034 1077 3093 haberi
1100 3034 1237 3107 gratiam,

266 3113 292 3171 si
312 3113 380 3186 plus
395 3113 496 3174 debito
512 3116 665 3190 solitoque
681 3116 827 3177 iecerint?
846 3118 902 3177 Vis
918 3118 1013 3190 scire,
1035 3117 1160 3192 qrtnudo
1176 3133 1237 3177 non

266 3195 305 3257 sit
329 3196 535 3258 beneficium?
555 3198 605 3259 ubi
632 3200 690 3259 diei
712 3208 828 3275 potest:
856 3201 999 3274 „quidsi
1023 3202 1156 3261 nollett“
1186 3199 1238 3261 ubi

264 3280 384 3339 veroid
401 3282 565 3357 praestitit,
587 3285 671 3359 quod
686 3286 766 3344 nolle
786 3286 881 3355 licuit,
903 3286 1040 3346 voluisse
1052 3285 1237 3344 laudandum

233 3374 249 3427 3
264 3370 321 3423 est.
355 3365 435 3423 lnter
450 3382 484 3424 se
500 3368 650 3427 contraria
665 3377 736 3428 sunt
750 3368 930 3428 beneficium
948 3376 978 3427 et
992 3368 1110 3428 iniuria.
1136 3375 1239 3442 potest

267 3447 340 3505 dare
354 3447 534 3507 beneficium
551 3450 690 3520 domino,
714 3450 741 3510 si
756 3468 773 3509 a
788 3453 911 3512 domino
927 3451 1065 3511 iniuriam
1084 3450 1237 3526 accipere.

266 3530 350 3603 atqui
365 3531 403 3589 de
417 3532 533 3590 iniuriis
549 3533 738 3594 dominorum
754 3536 782 3593 in
799 3551 907 3594 servos
924 3536 975 3609 qui
994 3535 1098 3595 audiat
1115 3535 1237 3609 positus

265 3618 328 3683 est,
351 3614 401 3686 qui
417 3621 447 3673 et
461 3616 617 3674 saevitiam
634 3624 663 3676 et
678 3618 831 3696 libidinem
847 3626 876 3677 et
889 3618 918 3676 in
938 3619 1121 3691 praebendis
1137 3620 1175 3677 ad
1193 3618 1237 3677 vi-

265 3700 345 3753 etum
358 3698 544 3759 necessariis
558 3699 711 3760 avaritiam
729 3708 903 3777 eonpeseat.
935 3702 1013 3776 Quid
1027 3709 1124 3777 ergo?
1143 3703 1237 3764 bens-
