2942 4384
362 469 503 531 NATUR.
524 467 685 542 QUAtls'l.
708 470 780 530 ΜΒ.
796 470 845 528 lll.
868 479 999 533 rs-la.
1103 470 1167 534 223

194 637 287 698 quam
312 621 471 680 aberravit.
505 628 606 679 aestas
630 638 685 680 suo
708 629 845 695 tempore
869 621 1001 680 incaluit.
1033 625 1166 682 autumni

190 706 355 779 verisque,
368 711 402 763 ut
411 705 596 778 solet‚,iacta
610 704 733 763 mutatio
746 712 802 763 est.
825 713 884 764 tam
897 706 1057 764 solstitium
1075 723 1166 779 quam

191 786 417 862 aequinoctium
440 802 515 845 suos
535 785 600 846 dies
616 787 724 846 retulit.
754 787 831 847 Sunt
850 796 879 847 el
899 788 956 847 sub
971 796 1051 847 terra
1066 790 1198 851 minusl

191 872 284 931 nobis
302 878 374 929 nota
388 871 453 928 iura
469 877 609 941 naturae,
633 872 688 929 sed
703 887 763 929 non
780 872 878 931 minus
895 874 991 930 certa:
1014 873 1104 930 crede
1120 871 1164 929 in-

192 957 252 1029 ira,
273 953 417 1028 quicquid
431 953 517 1011 vides
533 970 636 1027 supra.
658 954 735 1013 Sunt
749 961 778 1012 et
793 954 851 1013 illic
864 970 977 1029 specus
993 956 1080 1028 vasti,
1096 962 1178 1013 sunt

191 1038 331 1111 ingentes
345 1051 490 1095 recessus
505 1051 541 1094 ac
557 1038 656 1110 spatia
667 1037 828 1110 suspensis
844 1038 913 1095 hinc
930 1046 959 1097 et
973 1038 1043 1096 inde
1058 1039 1164 1098 monti·

192 1122 252 1179 bus
269 1122 347 1180 laxa.
374 1126 445 1179 sunt
465 1119 585 1193 abrupti
600 1120 629 1178 in
647 1121 794 1180 inlinitum
809 1120 923 1195 hiatuS,
946 1123 996 1196 qni
1012 1137 1106 1195 saepe
1121 1120 1164 1179 in-

192 1205 298 1277 lapsus
319 1203 412 1262 urbes
434 1211 616 1276 receperunt
630 1211 659 1261 et
673 1202 823 1275 ingentem
841 1206 958 1263 ruinam
973 1206 1002 1262 in
1017 1207 1078 1264 alto
1094 1220 1165 1262 con·
1211 1213 1214 1217 '

193 1288 344 1346 diderunt.
380 1286 462 1344 Haec
490 1286 598 1360 spiritu
620 1288 709 1360 plena
730 1294 809 1345 sunt.
844 1287 915 1345 nihil
936 1288 1013 1345 enim
1035 1300 1197 1361 usquama

192 1371 284 1428 inane
295 1377 356 1440 est,
373 1372 462 1428 etiam
474 1377 581 1442 stagna
595 1369 725 1428 obsessa
738 1370 870 1429 tenebris
886 1377 916 1428 et
927 1369 942 1405 *
955 1371 1030 1428 locis
1046 1372 1164 1443 amplis.

192 1453 336 1511 animalia
350 1467 474 1527 quoque
488 1453 545 1511 illis
561 1452 772 1524 innascuntur,
795 1454 850 1510 sed
867 1454 952 1511 tarda
973 1461 1003 1512 et
1018 1454 1164 1523 informia„

191 1545 226 1595 ut
246 1536 277 1594 in
300 1539 370 1596 aere
391 1551 484 1595 caeco
505 1535 671 1609 pinguique
696 1543 845 1609 concepta
866 1543 896 1594 et
916 1537 1005 1610 aquis
1021 1536 1164 1609 torpenti-

191 1620 251 1678 bus
272 1620 341 1678 situ.
370 1620 516 1693 pleraque
540 1635 579 1677 ex
601 1619 648 1678 his
671 1635 778 1692 caeca,
802 1627 832 1678 ut
853 1619 952 1693 talpae
970 1627 999 1678 et
1013 1620 1165 1678 subterra·

193 1704 243 1761 nei
264 1718 380 1773 mures,
406 1702 516 1775 quibus
540 1703 628 1761 deest
644 1703 758 1775 lumen,
783 1703 855 1776 quia
869 1718 1092 1776 supervacuum
1110 1711 1165 1761 est.

192 1786 284 1857 lnde,
306 1792 339 1844 ut
353 1786 579 1860 Theophrastus
597 1786 751 1858 adfirmat,
773 1786 875 1860 pisces
892 1786 1074 1860 quibusdam
1088 1787 1165 1846 locis

192 1876 348 1928 eruuntur.
1026 1887 1028 1890 ·

257 1952 349 2011 XVll.
377 1952 470 2012 Multa
489 1952 548 2013 hoc
567 1955 633 2014 loeo'
649 1953 701 2012 tibi
723 1954 752 2011 in
775 1960 905 2011 mentem
920 1953 1064 2025 veniunt,
1087 1959 1198 2026 quael

191 2035 311 2095 urbane
330 2044 363 2095 ut
384 2037 413 2094 in
435 2052 468 2094 re
482 2037 650 2095 Incredibili
667 2036 821 2113 [fabulam]
838 2037 938 2094 dicasz
961 2052 1020 2093 non
1038 2052 1105 2093 cum
1120 2052 1166 2094 re-

193 2120 276 2179 tibus
291 2119 422 2193 aliquem
439 2135 495 2179 nec
511 2136 577 2179 cum
590 2120 701 2193 lanulis,
719 2121 773 2179 sed
792 2136 857 2179 cum
872 2119 998 2178 dolabra
1010 2120 1052 2176 ire
1068 2119 1165 2191 pisca-

194 2211 269 2263 tum.
293 2209 454 2277 exspecto,
475 2212 508 2264 ut
528 2204 638 2278 aliquis
659 2203 688 2262 in
705 2204 778 2261 mari
794 2211 929 2261 venetur.
959 2202 1036 2275 Quid
1053 2210 1100 2260 est
1114 2218 1164 2261 au·
1218 2224 1246 2268 ο

193 2294 270 2357 tem,
288 2302 381 2360 quare
394 2303 455 2345 non
471 2286 573 2361 pisces
589 2288 619 2345 in
634 2295 744 2347 terram
758 2295 928 2358 transeant,
945 2286 971 2345 si
988 2302 1045 2345 nos
1059 2287 1088 2343 in
1104 2302 1166 2344 ma·

193 2371 241 2429 ria
260 2370 445 2429 transimus?
476 2370 711 2445 permutavimus
734 2371 836 2429 sedes.
869 2356 935 2430 Hoc
955 2369 1073 2429 miraris
1089 2369 1199 2427 acci-2

195 2454 291 2512 deret
305 2462 418 2527 quanto
429 2454 653 2513 incredibiliora
665 2461 734 2514 sunt
746 2469 840 2528 opera
852 2454 1010 2513 luxuriae?
1025 2454 1166 2528 quotiens

194 2544 332 2595 naturam
352 2544 403 2595 aut
423 2536 564 2597 mentitur
584 2545 635 2596 aut
650 2538 762 2596 vincit?
793 2538 825 2595 ln
842 2537 931 2595 cubili
947 2543 1050 2595 natant
1064 2537 1167 2610 pisces

194 2628 225 2679 et
240 2620 298 2678 sub
312 2620 380 2694 ipsa
394 2635 500 2680 mensa
516 2621 633 2695 capitur
649 2621 699 2695 qui
713 2618 814 2679 s'latim
828 2621 1025 2679 transferatur
1040 2620 1069 2677 in
1084 2634 1166 2677 men-

194 2719 272 2763 sam.
307 2719 411 2777 parurn
429 2704 549 2763 videtur
562 2720 671 2763 recens
686 2705 811 2773 mallus,
830 2703 886 2761 nisi
904 2702 1000 2776 quiin
1019 2703 1167 2761 convivae

194 2802 289 2845 manu
304 2787 438 2847 moritur.
459 2786 564 2846 vitreIs
581 2789 648 2847 ollis
663 2786 773 2846 inclusi
787 2788 965 2845 adseruntur
979 2793 1008 2845 et
1022 2782 1166 2845 observa·

194 2878 245 2930 tur
265 2870 454 2930 morientium
475 2871 574 2945 color,
599 2887 689 2945 quem
710 2872 740 2929 in
762 2873 871 2930 multas
888 2870 1068 2931 mutationes
1085 2884 1167 2928 mors

195 2955 329 3013 luctante
350 2954 457 3029 spiritu
477 2953 582 3013 verlitr
607 2955 683 3014 alios
705 2962 815 3014 necant
836 2954 866 3012 in
881 2970 956 3029 garo
979 2960 1009 3014 et
1023 2952 1168 3013 condiunt

196 3038 295 3097 vivos.
326 3038 364 3095 lli
385 3044 455 3097 sunt
476 3038 528 3112 qui
549 3038 666 3097 fabulas
684 3046 805 3113 putant,
827 3040 943 3111 piscem
960 3054 1053 3111 posse
1066 3038 1200 3099 vivere3

198 3120 257 3179 sub
273 3126 353 3179 terra
367 3128 397 3180 et
411 3119 519 3192 effodi,
537 3136 597 3180 non
614 3122 703 3195 capi?
727 3137 817 3195 quam
833 3120 1010 3178 incredibile
1025 3121 1070 3178 eis
1085 3120 1167 3177 vide-

193 3211 292 3276 retur,
308 3204 335 3263 si
349 3205 489 3264 audirent
499 3211 604 3264 natare
619 3206 647 3263 in
660 3220 735 3277 garo
751 3205 865 3277 piscem
878 3217 934 3260 nec
945 3216 1060 3259 coenae
1075 3217 1170 3263 causa

195 3287 352 3347 occidisse
370 3304 464 3362 super
484 3303 626 3361 coenam,
650 3302 717 3345 cum
738 3288 863 3345 multum
885 3284 914 3342 in
937 3282 1054 3341 deliciis
1071 3283 1126 3342 luit
1140 3291 1170 3342 et

195 3372 304 3431 oeulos
320 3379 390 3432 ante
406 3389 496 3446 quam
511 3372 611 3445 gulam
628 3372 719 3444 pavit.

258 3453 366 3513 XVlll.
398 3454 580 3515 Permitte
605 3454 695 3512 mihi
728 3452 962 3526 quaestione
994 3451 1200 3525 seposilal

194 3537 396 3611 castigare
416 3528 619 3598 lux'uriam.
640 3536 742 3609 „Nihil
758 3544 818 3609 est,
834 3536 945 3611 iuquit,
962 3535 1052 3594 mullo
1068 3536 1168 3608 exspi-

192 3630 282 3682 rante
302 3622 363 3681 illic
384 3621 559 3683 formosius.
594 3620 662 3696 ipsa
682 3620 894 3680 colluctatione
908 3618 1026 3677 animae
1041 3634 1112 3677 sese
1127 3620 1170 3678 ai-

192 3706 308 3782 lliaenti
327 3706 422 3767 rubor
437 3705 579 3781 primurn,
601 3704 712 3765 deinde
730 3706 829 3778 pallor
850 3701 1058 3764 sublanditurr
1081 3719 1172 3777 quam
