2942 4384
324 422 366 487 26
605 424 640 486 L.
662 423 810 484 ANNAEI
831 422 1006 484 SENECAE

325 575 439 651 inquit,
454 571 525 633 mibi
542 573 612 634 licet
626 573 745 632 dicere:
761 573 843 633 nolo.
872 572 1037 647 aliquando
1053 572 1234 634 beneficium
1245 589 1286 634 ac

326 659 499 735 cipiendum
514 664 561 717 εει
575 664 605 716 ει
625 656 733 716 invitor
757 656 809 715 dat
821 662 971 733 tyrannus
986 656 1118 715 cmdeiis
1133 666 1165 718 et
1178 658 1288 718 iracun-

327 744 400 816 dus,
415 742 467 816 qui
489 757 599 800 munus
625 756 713 798 suum
740 739 876 798 fastidire
898 746 928 797 ιε
949 739 1088 799 iniuriam
1109 740 1289 800 iudicaturus

326 834 382 889 est.
405 840 466 884 non
481 820 651 897 accipiam?
672 822 782 881 eodem
797 822 866 881 ioco
881 823 1028 881 iatronem
1047 838 1143 897 pone,
1160 817 1290 898 piratam,

326 924 430 983 regem
455 906 586 965 animum
611 905 736 964 latronis
760 920 796 963 ac
817 903 934 978 piratae
953 904 1124 965 habentem.
1163 907 1238 981 quid
1253 908 1291 966 ia·

295 994 426 1051 iciam?
448 1005 555 1064 parum
576 988 686 1062 dignus
707 995 755 1047 est
769 987 818 1046 cui
839 988 997 1048 debeam.“
1033 988 1106 1047 Cum
1124 989 1293 1063 eligendum
1332 1031 1333 1036 η

327 1076 406 1146 dico,
424 1073 472 1134 cui
488 1072 613 1145 debeas,
631 1072 690 1129 vim
707 1071 853 1132 maiorem
867 1078 897 1130 et
911 1080 1021 1131 metum
1033 1071 1165 1146 excipio,
1185 1072 1292 1147 quibus
1332 1059 1333 1130 i

327 1158 469 1219 adhibitis
481 1158 589 1217 eiectio
610 1154 699 1232 perit.
739 1158 765 1215 si
780 1156 909 1215 liberum
924 1162 972 1214 est
989 1154 1058 1228 tibi,
1079 1154 1106 1213 si
1125 1155 1241 1216 arbitrii
1256 1155 1293 1216 tui

327 1250 389 1313 εει,
412 1249 510 1301 utrum
526 1241 604 1299 veiis
619 1257 656 1299 an
674 1257 750 1313 non,
772 1239 803 1299 id
819 1238 902 1313 apud
920 1246 950 1298 te
965 1239 1033 1313 ipse
1050 1239 1237 1312 perpendes.
1265 1237 1293 1298 si

327 1325 548 1387 necessitas
576 1323 683 1385 tollit
703 1323 926 1397 arbitrium,
953 1323 1060 1381 scies
1086 1328 1123 1381 te
1145 1338 1221 1382 non
1243 1336 1291 1382 aa·
1332 1347 1333 1354 ε

328 1409 474 1485 cipere,
491 1407 557 1468 sed
574 1423 721 1483 parere.
744 1424 833 1468 nemo
848 1406 878 1465 in
893 1406 925 1466 id
940 1404 1120 1479 accipiendo
1136 1404 1292 1481 obligatur,

329 1494 412 1569 quod
428 1491 470 1551 iili
483 1492 646 1565 repudiare
661 1507 721 1550 non
739 1490 831 1550 licuit.
870 1490 896 1548 si
910 1489 956 1549 vis
972 1490 1051 1550 scire
1072 1505 1112 1547 an
1126 1488 1233 1563 velim,
1256 1490 1294 1550 ei·

296 1583 315 1639 8
329 1578 387 1637 tice
401 1584 434 1636 ut
450 1575 566 1649 possim
581 1576 671 1633 noile.
704 1575 823 1647 „Vitam
837 1579 936 1633 tamen
956 1573 1009 1633 tibi
1025 1572 1139 1633 dedit.“
1169 1589 1230 1632 non
1251 1589 1294 1633 re·

328 1661 387 1719 ient
402 1658 475 1732 quid
490 1657 529 1716 sit
543 1656 625 1730 quod
642 1656 744 1730 datur,
766 1656 825 1716 nisi
840 1672 859 1715 a
872 1656 994 1717 volente
1009 1656 1124 1717 volenti
1144 1655 1244 1717 datur.
1271 1655 1294 1716 si

328 1741 458 1802 servasti
473 1756 536 1811 me,
560 1757 620 1800 non
635 1740 705 1799 ideo
722 1749 861 1800 servator
876 1756 921 1801 εε.
953 1741 1114 1799 Venenum
1130 1739 1293 1815 aliquando

328 1841 385 1900 pro
411 1823 547 1883 remedio
574 1822 643 1894 suit,
672 1839 733 1883 non
757 1822 828 1882 ideo
856 1830 1029 1883 numeratur
1055 1823 1133 1882 inter
1154 1824 1294 1884 salubria.

329 1907 482 1982 Quaedam
505 1914 633 1979 prosunt
654 1922 712 1966 nec
735 1906 885 1979 obligant=
920 1906 1009 1966 tuber
1032 1906 1156 1979 quidam
1177 1907 1294 1984 tyranni

328 1991 430 2067 gladio
446 1989 564 2064 divisit,
580 1991 632 2065 qui
648 1990 687 2049 ad
702 1990 905 2050 occidendum
916 2005 986 2049 eum
996 1996 1136 2049 venerat:
1153 2005 1216 2049 non
1228 1991 1294 2052 ideo

328 2076 369 2134 iiii
384 2083 533 2153 tyrannus
556 2074 668 2147 gratias
690 2074 767 2148 egit,
791 2074 875 2147 quod
896 2089 976 2145 rem,
999 2089 1091 2148 quam
1111 2074 1296 2135 medicorum

314 2174 436 2218 -manus
452 2156 740 2227 reiornridaverant,
763 2156 904 2216 nocendo
920 2155 1047 2217 sanavit.

301 2254 316 2305 1
391 2241 468 2299 XIX.
489 2238 588 2298 Vides
603 2256 664 2298 non
679 2255 751 2299 esse
765 2256 907 2314 magnum
923 2239 952 2297 in
968 2238 1037 2313 ipsa
1051 2256 1086 2300 rc
1104 2248 1296 2314 momentum

330 2323 474 2398 quonium
489 2337 549 2381 non
572 2322 692 2382 videtur
707 2322 833 2382 dedisse
850 2323 1046 2395 beneficium,
1067 2321 1120 2397 qui
1140 2325 1222 2384 malo
1236 2324 1295 2383 ani·

328 2422 379 2465 mo
396 2405 517 2480 profuit.
553 2419 644 2464 casus
661 2406 739 2466 euim
755 2406 936 2465 beneficium
952 2413 1014 2478 est,
1036 2405 1168 2467 bominis
1179 2406 1296 2467 iniuria.

328 2489 463 2549 Leonem
485 2487 514 2545 in
535 2488 756 2563 amphitheatro
778 2490 1000 2563 spectauimus,
1023 2490 1075 2562 qui
1095 2505 1188 2549 unum
1208 2506 1227 2549 ε
1247 2490 1295 2550 be·

329 2571 440 2632 stiariis
453 2569 596 2645 agnitum,
613 2589 680 2632 cum
697 2572 850 2646 quondam
863 2573 929 2632 eius
941 2573 1050 2632 inisset
1060 2572 1215 2646 magister,
1230 2588 1296 2647 pro

288 2696 292 2701 ,
328 2657 403 2717 texit
420 2656 458 2715 ab
473 2656 577 2730 inpetu
593 2655 774 2717 bestiarum:
790 2673 860 2715 num
874 2671 946 2729 ergo
960 2663 1007 2715 est
1017 2656 1198 2716 beneficium
1215 2658 1296 2716 ferae

328 2739 496 2799 auxilium?
531 2740 669 2813 minime,
692 2738 765 2814 quia
787 2756 845 2799 nec
865 2739 963 2799 voluit
983 2741 1084 2799 iacere
1101 2755 1158 2799 nec
1174 2739 1296 2799 beneia-

296 2835 314 2887 ε
330 2822 427 2881 ciendi
444 2822 545 2880 animo
562 2822 642 2881 iecit.
666 2824 732 2894 Quo
748 2824 816 2882 loco
833 2823 928 2880 feram
943 2822 1049 2895 posui,
1069 2830 1233 2900 tyrannum
1245 2839 1296 2898 po-

328 2920 376 2963 ne.
399 2909 429 2962 ει
445 2903 494 2961 hic
509 2903 599 2963 vitam
616 2904 699 2963 dedit
715 2911 745 2962 et
759 2903 823 2977 iiia,
839 2920 896 2964 nec
913 2904 962 2963 hic
975 2921 1032 2965 nec
1043 2904 1093 2964 iiia
1105 2905 1296 2966 beneficium.

329 2986 405 3059 Quia
419 3002 478 3046 non
497 2992 546 3045 est
566 2986 748 3047 beneficium
769 2987 911 3061 accipere
933 2988 1018 3064 cogi,
1040 3005 1101 3050 non
1122 2996 1170 3048 est
1182 2988 1295 3049 benefl-

328 3070 407 3128 cium
422 3069 534 3129 debere
549 3070 598 3130 cui
616 3071 704 3131 uotis.
733 3070 814 3130 Ante
834 3072 891 3131 des
913 3078 1036 3146 oportet
1055 3071 1126 3130 mihi
1142 3073 1297 3132 arbitrium

327 3152 402 3224 mei,
425 3152 535 3211 deinde
549 3153 741 3213 beneficium.

297 3249 311 3301 1
386 3236 448 3295 XX.
466 3236 619 3310 Disputari
634 3237 673 3297 de
683 3236 723 3295 Μ.
740 3236 834 3297 Bruto
849 3239 936 3310 solet,
949 3254 988 3297 an
1003 3236 1142 3298 debuerit
1156 3238 1298 3313 accipere

328 3335 348 3379 a
375 3320 446 3379 divo
471 3320 547 3380 Iulio
575 3320 685 3394 vitam,
722 3336 790 3380 cum
819 3321 1114 3381 occidendumeum
1138 3320 1297 3381 iudicaret.

295 3415 313 3467 2
329 3402 423 3475 Quam
435 3403 580 3461 rationem
589 3404 618 3461 in
631 3403 801 3464 occidendo
814 3412 939 3463 secutus
952 3405 999 3476 sit,
1005 3404 1080 3463 alias
1092 3404 1296 3464 tractabimus.

327 3485 397 3544 mihi
414 3484 508 3555 euim,
534 3500 602 3545 oum
619 3488 664 3545 vir
678 3503 809 3561 magnus
825 3488 914 3547 iuerit
928 3488 956 3545 in
972 3485 1055 3559 aliis,
1078 3486 1108 3545 in
1124 3487 1182 3547 hac
1197 3503 1233 3547 re
1252 3488 1297 3556 vi·¹

328 3567 416 3627 detur
438 3568 633 3628 vehementer
657 3584 779 3629 errasse
798 3584 855 3628 nec
878 3585 917 3628 ex
932 3568 1119 3631 institutione
1139 3570 1244 3630 Stoica
1262 3585 1297 3630 so

328 3648 447 3723 egisset
466 3652 518 3726 qui
539 3658 591 3713 aut
609 3652 691 3726 regis
712 3668 824 3713 nomen
842 3654 993 3727 extimuit,
1015 3670 1083 3715 cum
1101 3653 1235 3730 optimus
1256 3652 1296 3713 ci·
