2942 4384
380 462 521 522 norun.
537 460 698 535 ponaer.
721 462 840 521 eren.
861 469 994 549 rr-ro.
1115 462 1178 524 roa

204 629 266 674 non
287 612 359 673 lacit
378 628 474 686 nunc,
495 610 609 686 Iupiter
623 612 694 672 lecit
711 619 744 671 ut
758 612 875 670 fierent.
898 610 1031 684 Singulis
1047 627 1109 671 non
1123 614 1176 679 od-

203 705 267 771 est,
286 706 315 756 et
328 704 424 756 tumen
441 696 500 753 vim
516 703 545 754 et
560 711 684 754 causam
699 703 727 754 ct
744 712 864 753 manum
880 696 1019 755 omnibus
1036 694 1128 754 dedit.

266 780 384 839 XLVll.
412 779 507 838 Huic
529 780 683 837 illorum
706 778 895 838 divisioni
917 795 992 838 non
1015 780 1176 839 accedo:

202 864 313 924 aiunt
343 869 406 922 aut
438 870 625 937 perpetua
658 877 747 920 esse
780 863 940 920 fulmina
972 868 1035 919 aut
1062 860 1178 923 linita

202 954 268 1007 aut
297 946 556 1020 prorogativa.
590 951 753 1019 perpetua,
784 962 914 1019 quorum
939 944 1119 1018 significatio
1146 944 1177 1003 in

201 1038 295 1090 totam
313 1030 441 1104 pertinet
455 1029 560 1102 vitam,
583 1043 640 1087 nec
655 1044 747 1087 unam
761 1043 823 1087 rem
840 1030 1008 1102 denuntiat,
1030 1029 1086 1086 sed
1104 1043 1176 1087 con-

202 1122 317 1173 textum
342 1128 442 1172 rerum
467 1128 659 1186 peromnem
682 1112 828 1186 deinceps
856 1119 984 1171 aetatem
1008 1113 1176 1171 futurarum

201 1197 411 1270 conplectitur.
435 1196 510 1254 haec
527 1204 597 1255 sunt
610 1194 750 1266 fulmina,
775 1211 854 1269 quae
869 1194 965 1269 prima
981 1202 1106 1267 accepto
1124 1212 1176 1268 pa·

201 1280 343 1340 trinronio
359 1286 388 1338 et
402 1295 482 1338 novo
498 1279 627 1338 hominis
645 1285 696 1336 aut
712 1278 797 1337 urbis
813 1285 894 1338 statu
909 1278 991 1350 liant.
1026 1278 1122 1336 Finita
1137 1278 1176 1337 ad

200 1364 283 1423 diem
303 1364 407 1436 utique
428 1363 624 1435 respondent.
658 1362 855 1433 Prorogativa
870 1368 955 1432 sunt,
978 1374 1108 1433 quorum
1122 1361 1176 1419 mi·

201 1461 260 1505 nae
275 1445 389 1505 dillerri
405 1453 550 1519 possunt,
573 1445 667 1504 averti
681 1444 807 1517 tollique
823 1461 884 1504 non
900 1447 1040 1518 possunt.

263 1528 395 1602 XLVlll.
428 1528 571 1600 Dicam,
605 1528 696 1602 quid
722 1526 788 1598 sit,
818 1526 1052 1612 quare'huic
1076 1525 1155 1585 divi
1188 1536 1204 1587 l

200 1611 304 1672 sioni
326 1627 397 1669 non
420 1612 672 1673 consentiam.
695 1616 810 1670 namet
825 1611 908 1685 quod
926 1618 1106 1685 perpetuum
1121 1626 1174 1669 vo·

200 1703 271 1755 cant
293 1696 422 1767 fulmen,
447 1696 563 1754 linitum
585 1703 641 1755 cst.
670 1710 770 1769 aeque
791 1694 869 1753 enim
890 1693 962 1754 talia
978 1693 1018 1753 ad
1033 1694 1114 1753 diem
1128 1708 1174 1752 rc-

200 1778 371 1857 spondent,
388 1794 449 1850 nec¹
456 1778 526 1837 ideo
539 1778 623 1838 finita
635 1794 695 1837 non
708 1785 793 1849 sunt,
807 1779 879 1851 quia
890 1777 982 1838 multa
994 1777 1174 1851 significant,

199 1869 230 1921 et
251 1861 337 1935 quod
356 1862 584 1935 prorogativum
604 1861 732 1933 videtur,
755 1862 871 1922 finitum
887 1871 943 1922 est
971 1877 1040 1919 nam
1056 1862 1175 1921 illorum

200 1958 326 2019 quoque
347 1946 543 2004 consessione
559 1953 672 2004 certum
687 1952 748 2016 cst,
770 1960 934 2019 quousque
948 1945 1116 2018 inpetratur
1131 1945 1175 2004 di-

199 2026 282 2087 latio.
307 2026 426 2101 privata
441 2027 519 2086 enim
536 2029 654 2102 lulgura
668 2035 780 2101 negent
794 2029 872 2087 ultra
886 2028 1035 2086 decimum
1051 2043 1173 2100 annum,

198 2108 325 2185 publica
336 2112 415 2170 ultra
429 2111 612 2171 tricesimum
629 2126 724 2184 posse
740 2111 863 2170 differri.
889 2110 948 2170 hoc
964 2110 1055 2169 modo
1071 2118 1101 2170 et
1115 2110 1175 2169 ista

198 2194 284 2254 linita
299 2201 382 2268 sunt,
399 2195 470 2268 quia
484 2195 559 2253 ultra
572 2194 656 2269 quod
670 2211 728 2255 non
747 2200 937 2269 prorogatur,
953 2192 1103 2252 inclusum
1116 2201 1172 2253 est.

198 2277 339 2337 Omnium
360 2293 432 2351 ergo
454 2278 609 2337 fulminum
631 2285 661 2336 et
684 2280 781 2337 omnis
803 2284 931 2336 eventus
947 2277 1012 2336 dies
1032 2285 1109 2336 stata
1124 2277 1172 2337 sit.

198 2377 260 2419 non
282 2367 386 2434 potest
406 2362 484 2419 enim
506 2362 567 2420 ulla
587 2360 692 2420 incerti
714 2377 786 2421 esse
801 2360 1036 2435 conprehensio.
1072 2356 1201 2433 Quaen

196 2443 449 2517 inspicienda
470 2453 559 2505 sunt
582 2446 618 2503 in
636 2446 805 2518 fulgure,
834 2446 950 2536 passim
976 2452 1005 2504 et
1030 2460 1107 2518 vage
1128 2445 1172 2503 di-

197 2534 285 2599 cunt,
301 2542 369 2586 cum
386 2527 505 2601 possint
520 2528 565 2587 sic
579 2528 731 2600 dividere,
749 2528 1001 2603 quemadmodum
1018 2528 1055 2586 ab
1071 2528 1172 2587 Attalo

196 2609 394 2684 philosopho,
410 2612 461 2685 qui
473 2625 508 2669 se
520 2610 588 2671 huic
601 2611 780 2684 disciplinae
792 2610 966 2681 dediderat,
983 2608 1081 2669 divisa
1093 2617 1172 2682 sunt,
1219 2645 1221 2649 ,

196 2701 229 2753 ut
239 2692 412 2767 inspiciant,
426 2694 476 2752 ubi
491 2694 599 2753 lactum
614 2694 661 2766 sit,
678 2695 811 2767 quando,
828 2693 886 2765 cui,
902 2695 1056 2767 inquere,
1073 2695 1171 2766 quale,

197 2783 353 2850 quantum.
381 2777 465 2836 Haec
480 2777 506 2836 si
521 2778 660 2851 digerere
675 2778 704 2835 in
722 2785 824 2851 pantes
843 2793 917 2837 suas
933 2778 1076 2851 voluero,
1098 2774 1173 2850 quid

194 2866 306 2934 postea
321 2860 452 2918 laciamt
478 2861 507 2918 in
524 2861 662 2920 inmensa
680 2862 855 2935 procedam.

257 2942 359 3002 XLIX.
387 2944 488 3002 Nunc
514 2945 666 3004 nomina
686 2945 895 3018 fulgurum,
921 2959 1019 3019 quae
1041 2960 1059 3003 a
1080 2944 1199 3003 Cae-1

195 3026 311 3084 cinna
338 3034 549 3101 ponuntur,
582 3035 717 3102 aperte
751 3027 988 3101 distinguam
1017 3035 1051 3087 et
1080 3027 1172 3101 quid

195 3109 240 3168 de
256 3109 313 3169 eis
329 3110 509 3184 sentiam,
525 3127 721 3185 exponam.
743 3113 874 3170 Aitesse
892 3112 1170 3184 postulatoria,

195 3192 309 3265 quibus
325 3194 477 3254 sacrificia
491 3194 663 3254 intermissa
678 3201 729 3253 aut
745 3209 806 3252 non
822 3195 877 3251 rite
892 3193 970 3250 lacta
984 3201 1170 3266 repetuntur,

193 3276 419 3350 monitoria,
449 3276 561 3352 quibus
583 3278 727 3348 docetur,
754 3274 828 3350 quid
847 3274 1016 3333 cavendum
1032 3275 1085 3346 sit,
1107 3291 1169 3349 pe-

194 3358 357 3434 stilera,
379 3376 458 3434 quae
478 3370 604 3421 mortem
625 3358 811 3434 exiliumque
835 3358 1033 3432 portendunt,
1057 3360 1169 3417 lalla

193 3443 270 3512 cia,
294 3458 373 3517 quae
395 3459 450 3518 per
470 3445 605 3519 speciem
627 3444 754 3503 alicuius
776 3443 848 3507 boni
863 3443 988 3502 nocent:
1011 3442 1083 3501 dant
1099 3458 1170 3500 con—

193 3527 327 3585 sulatum
343 3529 422 3587 malo
437 3528 568 3588 laturum
585 3527 774 3602 gerentibus,
801 3534 831 3586 et
844 3527 1057 3598 hereditatem,
1082 3526 1169 3585 cuius

192 3608 401 3682 conpendium
427 3628 537 3685 magno
562 3611 706 3672 luendum
733 3612 773 3671 sit
797 3610 1001 3670 incommodo.
1038 3610 1169 3669 denta-

192 3708 280 3769 nea,
303 3709 383 3771 quae
397 3694 532 3771 speciem
544 3696 671 3773 periculi
684 3696 751 3768 sine
761 3694 899 3770 periculo
912 3694 1060 3769 adferunt,
1082 3701 1200 3777 per-2
