2942 4384
322 470 326 474 ·
398 451 539 513 notua.
555 449 717 531 QUAEST.
740 450 861 511 LlB.v.
885 460 926 512 15.
943 460 984 514 16.
1112 450 1175 515 tot

244 603 347 665 Eurus
360 604 404 664 ad
415 602 563 664 Auroram
576 604 788 677 Nabataeaque
801 622 896 677 repro
909 609 1030 665 recessit

245 689 428 761 Persidaque
441 694 471 747 et
482 688 579 747 radiis
591 690 663 761 iupa
677 689 794 747 subdita
807 691 965 748 matutinis.

253 773 363 846 Vesper
376 778 405 830 et
417 771 538 830 acuam
551 787 629 843 quoe
642 774 731 830 litora
745 775 804 831 sole
818 778 975 846 tepescunt,

245 855 389 914 &aalma
402 860 472 913 suut
483 854 632 928 zepltqrt‘s.
667 855 817 929 Scythiam
830 862 996 929 septemque
1009 859 1117 918 triones

245 937 390 1009 Horrifer
403 940 512 996 inuasit
524 938 643 996 boreas:
663 941 817 997 contraria
831 942 915 997 tellus

245 1021 376 1081 Nubabus
389 1021 525 1079 adsiduis
535 1023 692 1094 pluvioque
705 1022 848 1080 madescit
860 1022 898 1080 ab
910 1027 1021 1081 austro.
1037 1053 1039 1057 f

200 1105 262 1165 Vel
283 1102 309 1163 si
328 1102 454 1162 brevius
474 1103 542 1162 illos
561 1104 711 1176 conplecti
726 1104 837 1175 maviS,
860 1104 889 1161 in
905 1119 996 1163 unam
1010 1109 1201 1178 tempesta-u

201 1195 286 1258 tem,
302 1186 384 1259 quod
400 1186 482 1245 nullo
498 1186 591 1244 modo
605 1180 671 1245 fieri
687 1191 811 1260 polest,
826 1196 1062 1259 congregentur:

245 1286 307 1329 meu
320 1270 478 1343 Eurusque
490 1269 638 1343 Notusque
651 1277 745 1330 ruuru
754 1271 915 1344 creberque
925 1273 1063 1345 procellis

243 1352 368 1425 ΑΜ
890 1369 893 1378 ’

201 1444 246 1507 et,
269 1434 322 1510 qui
335 1437 436 1496 locum
450 1433 479 1493 in
496 1434 546 1493 illa
560 1451 662 1509 pugna
677 1450 737 1494 non
752 1434 871 1509 habuit,
891 1436 1014 1511 Aquilo.
1047 1433 1202 1506 Quidamt

200 1517 272 1579 illos
288 1518 451 1578 duodecim
473 1518 598 1576 iaciunt:
622 1528 753 1593 quatuor
767 1520 846 1578 enim
862 1520 939 1579 coeli
953 1526 1056 1593 partes
1071 1518 1100 1575 in
1115 1525 1173 1576 ter·
1281 1531 1293 1554 ⁸

201 1618 260 1661 nas
282 1601 419 1661 dividunt
438 1608 469 1660 et
484 1601 611 1675 singulis
625 1601 724 1662 ventis
740 1602 829 1661 binos
846 1603 1077 1677 subpraeleotos
1092 1602 1173 1660 dant.

201 1685 269 1745 Huc
280 1692 344 1744 arte
353 1684 461 1756 Varro,
476 1686 523 1743 vir
534 1683 677 1759 diligens,
693 1686 761 1745 illos
772 1686 905 1758 ordinat,
921 1701 979 1744 nec
991 1684 1058 1745 sine
1071 1700 1174 1743 causa.

201 1784 264 1828 non
285 1768 364 1826 enim
385 1768 493 1827 eodem
507 1769 577 1827 loco
594 1784 716 1843 semper
733 1771 781 1827 sol
796 1770 890 1829 oritur
904 1776 957 1828 aut
970 1769 1095 1840 occidit,
1118 1766 1175 1827 sed

201 1852 281 1911 alius
296 1857 350 1910 est
368 1858 452 1909 ortus
471 1866 664 1925 occasusque
679 1851 925 1925 aequinoctialis,
947 1852 995 1911 bis
1010 1860 1109 1910 autem
1124 1866 1174 1930 ae-

201 1933 390 2010 quinoctium
409 1940 471 2005 est,
500 1934 577 1993 alius
603 1934 786 2007 solstitialis,
815 1936 893 1993 alius
917 1934 1072 1993 hibernus.
1119 1932 1203 2006 Quil

200 2016 300 2090 surgit
318 2016 357 2075 ab
379 2017 494 2076 oriente
508 2014 735 2089 aequinoctiali,
759 2017 995 2077 subsolanus
1018 2016 1100 2090 apud
1115 2032 1173 2075 nos

200 2100 325 2173 dicitur,
350 2100 457 2159 Graeci
477 2100 559 2159 illum
589 2100 815 2174 aphelioten
845 2109 965 2160 vocant.
997 2097 1173 2158 oboriente

199 2182 328 2241 hiberno
344 2197 459 2242 eurus
474 2182 550 2255 exit,
566 2199 656 2257 quem
668 2184 763 2242 nostri
778 2199 928 2242 vocavere
945 2183 1172 2242 volturnum.

199 2272 230 2324 et
248 2263 354 2333 Livius
375 2264 434 2325 hcc
453 2266 535 2324 illum
551 2267 673 2326 nomine
688 2267 822 2339 adpellat
835 2266 864 2324 in
880 2262 1049 2339 illa'pugna
1063 2265 1173 2323 Roma-

199 2348 248 2407 nis
271 2365 377 2422 parum
398 2364 562 2423 prospera,
591 2349 619 2407 in
643 2366 704 2423 qua
723 2350 872 2408 Hannibal
893 2355 923 2408 et
947 2358 1053 2409 contra
1077 2349 1173 2406 solem

199 2429 347 2491 orientem
367 2432 533 2491 exercitum
554 2439 736 2492 nostramet
754 2440 859 2491 contra
872 2440 994 2491 ventum
1010 2432 1172 2500 constituit,

197 2523 261 2574 tunt
277 2514 359 2574 venti
374 2515 522 2574 adiutorio
537 2532 575 2575 ac
590 2514 716 2588 fulgoris
733 2516 981 2589 praestringentis
997 2517 1104 2574 oculos
1118 2514 1173 2573 ho·

198 2597 291 2657 stium
310 2598 391 2657 vicit.
425 2599 525 2658 Varro
548 2614 672 2673 quoque
692 2599 753 2659 hoc
773 2614 885 2657 nomen
906 2606 1044 2671 usurpat.
1073 2598 1174 2656 sedet

197 2696 316 2740 eurus
341 2681 399 2739 iam
422 2682 541 2741 civitate
562 2683 691 2741 donatus
712 2689 761 2740 est
781 2690 811 2740 et
830 2689 935 2741 nostro
957 2680 1090 2740 sermoni
1111 2695 1172 2737 non

196 2770 351 2837 tamquam
373 2763 490 2824 alienus
511 2765 680 2824 intervenit.
709 2765 748 2823 ab
763 2766 878 2823 oriente
895 2763 1044 2824 solstitiali
1059 2763 1171 2820 excita·

196 2853 261 2906 tum
281 2847 447 2907 uauuiuu
469 2847 576 2906 Graeci
598 2848 766 2922 adpellant,
789 2847 872 2921 apud
893 2863 950 2906 nos
969 2846 1035 2905 sine
1051 2846 1173 2906 nornine

196 2935 257 2988 est
291 2930 534 3003 Aequinoctialis
557 2932 702 2991 occidens
731 2932 926 2990 favonium
954 2930 1053 3003 mittit,
1082 2942 1201 3004 querno

197 3011 369 3089 zephyrum
383 3014 455 3072 esse
470 3014 571 3074 dicent
585 3014 637 3074 tihi
653 3016 757 3088 etiam,
780 3015 831 3089 qui
847 3015 963 3074 Graece
977 3011 1171 3073 nesciuntlo—

197 3093 262 3169 qui.
284 3096 466 3156 asolstitiali
483 3098 642 3156 occidente
661 3113 775 3157 corus
795 3099 891 3169 venit,
914 3098 966 3171 qui
983 3098 1065 3171 apud
1078 3112 1171 3170 quos·

197 3178 269 3237 dam
284 3187 464 3253 argestes
487 3179 610 3239 dicitur=
632 3179 703 3238 mihi
717 3196 777 3238 non
794 3178 921 3251 videtur,
942 3179 1013 3251 quia
1028 3178 1092 3236 cori
1106 3179 1168 3235 vio·

197 3259 278 3321 lenta
292 3262 339 3322 vis
354 3270 401 3321 est
416 3270 445 3322 et
459 3263 489 3321 in
504 3280 595 3322 unam
611 3272 725 3337 partem
740 3276 853 3334 rapax,
873 3267 1011 3335 argestes
1023 3260 1171 3319 leremcl·

196 3344 235 3403 lis
255 3352 303 3405 est
322 3354 353 3406 et
372 3352 432 3404 tam
448 3346 588 3406 euntibus
607 3345 776 3405 communis
792 3360 882 3418 quam
897 3341 1104 3403 redeuntibus.
1133 3342 1171 3401 ab
1256 3359 1259 3364 ’

197 3427 358 3488 occidente
379 3428 505 3489 hiberno
532 3430 683 3488 airicus
707 3428 887 3487 furibundus
907 3436 938 3486 et
957 3442 1067 3498 ruens,
1089 3425 1170 3499 apud

198 3510 334 3572 Graecos
356 3512 435 3586 lips
457 3512 576 3573 dicitur.
611 3513 640 3571 A
661 3510 900 3587 septemtrionali
922 3514 1014 3570 latere
1035 3515 1200 3569 summust

196 3601 245 3653 est
269 3594 418 3669 aquilo,
446 3596 565 3655 medius
588 3595 833 3670 septemtrio,
858 3594 936 3654 imus
958 3590 1171 3652 thrascias:

194 3675 267 3737 huic
282 3678 371 3738 deest
380 3678 463 3753 apud
475 3695 533 3740 nos
546 3679 738 3741 vocabulum.
767 3681 797 3739 A
807 3678 975 3739 meridiano
986 3691 1045 3737 axe
1060 3691 1171 3736 euro·
