2942 4384
268 456 310 520 68
531 457 565 517 L.
587 458 734 517 ANNAEI
754 456 928 517 sanaem:

269 610 392 670 modum
410 614 543 683 spectat,
567 607 615 668 cui
638 614 824 682 praestatur,
845 624 905 668 non
928 613 1083 668 nostrum=
1107 610 1241 686 alioquin

270 693 359 752 nohis
375 693 449 752 illud
465 693 582 751 damus.
618 694 720 764 itaque
735 692 843 764 multa,
867 707 946 766 quae
961 708 1112 751 summam
1131 693 1240 755 utilita-

268 784 327 836 tem
343 775 410 834 aliis
425 776 580 846 adierunt,
604 776 701 847 pretio
713 774 840 847 gratiam
856 775 996 847 perdunt.
1021 775 1178 836 Mercator
1195 795 1240 837 ur·

268 858 358 918 bibus
377 859 520 932 prodest,
544 858 681 916 medicus
703 858 819 931 aegriS,
842 873 953 930 mango
977 859 1148 919 venalibus.
1187 861 1240 920 sed

269 957 375 1003 omnes
390 942 457 1011 isti,
482 940 553 1013 quia
567 940 606 998 ad
627 942 757 999 alienum
782 941 974 999 commodum
1000 957 1055 1013 pro
1077 958 1135 1002 suo
1158 946 1239 1003 venl-

268 1032 337 1097 uut,
358 1041 418 1083 non
436 1024 571 1095 obligant
585 1038 655 1094 eos,
680 1024 792 1097 quibus
810 1030 946 1096 prosunt.
981 1024 1048 1083 Non
1062 1032 1112 1084 est
1125 1024 1238 1085 benefi-

269 1109 363 1177 cium,
388 1107 470 1180 quod
491 1108 520 1164 in
537 1114 696 1180 quaestum
716 1107 848 1165 mittitur.
883 1108 949 1166 Hoc
963 1106 1043 1166 dabo
1062 1114 1094 1167 et
1116 1108 1179 1168 hoc
1195 1125 1239 1170 re

269 1191 393 1263 alpiam:
416 1190 515 1249 auctio
531 1197 587 1249 est.
1004 1229 1009 1245 .

236 1280 252 1332 1
329 1273 407 1332 XlV.
430 1273 496 1331 Non
512 1273 610 1330 dicam
625 1272 784 1345 pudicum,
807 1287 886 1346 quae
900 1279 1065 1332 amatorem
1080 1280 1115 1332 ut
1135 1271 1239 1334 incen-

270 1356 355 1416 deret
374 1356 498 1430 repulit,
522 1369 601 1430 quae
626 1362 678 1413 aut
698 1356 797 1428 legem
818 1362 869 1414 aut
890 1356 988 1415 virum
1008 1354 1120 1431 timuit,
1142 1365 1177 1417 ut
1201 1357 1240 1417 eit

270 1437 411 1499 Ovidius:

374 1523 469 1595 Quae,
491 1525 561 1595 prtia
577 1538 635 1581 non
649 1524 745 1593 licuit,
766 1538 825 1581 non
842 1524 938 1594 dedit,
959 1525 1013 1581 illa
1027 1523 1118 1583 dedit.

267 1606 333 1665 Non
349 1605 486 1664 inmerito
502 1606 529 1662 in
546 1619 703 1663 numerum
719 1606 910 1678 peccantium
925 1607 1068 1677 retertur,
1087 1623 1170 1681 quae
1186 1623 1239 1681 pu·

268 1688 401 1746 dicitiam
424 1688 522 1747 timori
552 1687 716 1761 praestitit,
740 1704 801 1746 non
823 1690 891 1747 sibi.
927 1688 1043 1747 Eodem
1071 1690 1165 1750 modo
1189 1687 1240 1765 qui

235 1769 447 1828 abenefieium
468 1778 501 1830 ut
526 1771 676 1843 reciperet
697 1771 795 1841 dedit,
819 1788 880 1830 non
901 1771 993 1833 dedit.
1029 1772 1111 1845 Ergo
1127 1779 1158 1832 el
1182 1789 1239 1832 nos

266 1851 449 1912 beneficium
465 1853 573 1912 damus
586 1853 782 1925 animalibus,
800 1872 879 1928 quae
895 1862 946 1914 aut
963 1854 1032 1914 usui
1050 1862 1103 1914 aut
1116 1856 1240 1914 alimen-

267 1944 297 1996 to
314 1937 412 1995 lutura
427 1937 596 1997 nutrimus?
611 1936 792 2002 beneficium
810 1939 917 1997 damus
931 1937 1073 2010 arbustiS,
1094 1954 1174 2012 quae
1188 1954 1239 1999 co

220 2041 223 2045 ·
267 2020 370 2091 limus,
394 2036 432 2080 ne
448 2021 583 2081 siccitate
600 2027 652 2079 aut
673 2020 777 2080 inmoti
792 2027 822 2080 et
840 2021 970 2094 neglecti
990 2021 1047 2079 soli
1071 2022 1183 2080 duritia
1197 2022 1240 2080 la-

266 2104 395 2164 borentt
429 2104 524 2163 Nemo
546 2105 584 2163 ad
606 2120 710 2177 agrum
735 2104 897 2164 colendum
918 2121 956 2163 ex
982 2119 1083 2177 aequo
1105 2111 1136 2164 et
1158 2105 1239 2164 hono

266 2188 350 2246 venit
370 2203 426 2248 nec
447 2187 487 2245 ad
508 2189 598 2246 ullam
619 2202 698 2260 rem,
723 2188 810 2247 euius
825 2194 910 2246 extra
924 2187 1028 2261 'ipsam
1044 2189 1162 2247 tructus
1184 2195 1239 2246 est.

236 2271 316 2328 3Ad
331 2268 514 2328 heneficium
531 2270 664 2329 dandum
686 2287 747 2329 non
770 2270 894 2329 adducit
915 2270 1056 2343 cogitatio
1075 2286 1171 2329 avara
1183 2285 1241 2329 nec

267 2354 408 2425 sordida,
431 2353 486 2411 sed
502 2353 648 2422 humana,
671 2354 827 2426 liberalis,¹
837 2354 965 2426 cupiens
981 2353 1055 2412 dare
1069 2354 1160 2412 etiarn
1172 2369 1240 2412 cum

267 2437 385 2495 dederit
400 2445 430 2495 et
444 2451 557 2509 augere
576 2437 665 2494 noris
687 2451 722 2494 uc
742 2436 916 2496 recentibus
935 2444 1054 2507 vetera,
1071 2453 1165 2495 unurn
1186 2436 1239 2494 ha-

265 2520 343 2579 bens
361 2520 565 2594 propositum,
585 2526 697 2592 quanto
712 2518 740 2576 ei
756 2521 802 2578 cui
819 2528 954 2593 praestat
968 2519 1049 2578 bono
1069 2519 1170 2578 lutura
1185 2519 1239 2577 sit:

268 2604 402 2678 alioquin
427 2604 539 2663 humile
562 2610 623 2676 est,
644 2601 711 2662 sine
734 2603 840 2677 laude,
865 2604 930 2662 sine
950 2600 1048 2676 gloria
1074 2602 1238 2675 prodesse,

235 2695 253 2746 4
268 2688 338 2762 qula
353 2688 486 2762 expedit.
515 2686 593 2759 Quid
607 2686 759 2760 magnifici
774 2694 870 2746 estse
886 2700 1002 2755 amare,
1026 2684 1084 2743 sibi
1099 2699 1240 2758 parcere,

268 2772 325 2830 sibi
341 2772 521 2845 acquireret
542 2769 580 2828 ab
597 2771 739 2830 omnihus
754 2770 820 2828 istis
835 2784 908 2827 vera
922 2766 1062 2827 beneficii
1077 2767 1170 2826 dandi
1187 2783 1239 2826 ou-

269 2852 340 2925 pido
356 2859 478 2923 avocat,
499 2853 538 2909 ad
554 2853 764 2920 detrimentum
779 2853 890 2911 iniecta
904 2868 995 2910 manu
1013 2850 1105 2911 trahit
1119 2857 1150 2908 et
1160 2849 1239 2911 utili-

267 2941 344 2996 tates
359 2935 502 3008 relinquit
515 2934 584 3007 ipso
595 2935 806 2994 benefaciendi
821 2937 916 3009 opere
930 2932 1105 2993 laetissima.

235 3031 249 3080 1
328 3019 394 3076 XV.
416 3018 566 3092 Numquid
589 3018 713 3077 dubium
734 3026 796 3091 est,
826 3019 897 3092 quin
914 3016 1064 3077 contraria
1084 3017 1123 3077 sit
1144 3015 1239 3075 bene-

267 3101 337 3160 ficio
353 3102 482 3161 iniuriat
515 3101 674 3173 Quomodo
696 3100 835 3160 iniuriam
860 3102 961 3160 lacere
983 3115 1038 3173 per
1062 3115 1097 3158 se
1116 3099 1241 3157 vitanda

267 3201 302 3243 ac
325 3185 469 3260 fugienda
492 3201 543 3244 res
569 3192 630 3255 est,
654 3185 699 3243 sic
720 3184 900 3244 beneficium
922 3183 996 3241 dare
1012 3198 1067 3255 per
1087 3197 1122 3241 se
1144 3196 1240 3255 expe-

265 3271 369 3328 tenda.
405 3268 470 3328 lllic
486 3272 549 3342 [nil]
566 3269 720 3343 turpitudo
737 3270 843 3328 contra
859 3267 959 3326 omnia
974 3267 1110 3341 praemia
1127 3263 1159 3323 in
1172 3279 1241 3323 sce·

266 3353 314 3410 lus
329 3352 480 3412 hortantia
496 3356 589 3411 valct=
612 3354 650 3412 ad
666 3354 725 3411 hoc
741 3351 845 3410 invitat
860 3350 980 3409 honesti
1001 3364 1057 3423 per
1072 3355 1108 3408 se·
1127 3348 1241 3407 ellicax

234 3448 251 3500 2
267 3435 400 3509 species.
422 3437 488 3494 Non
504 3437 644 3506 mentiar,
661 3435 688 3495 si
703 3437 810 3495 dixero
827 3433 978 3492 neminem
993 3449 1054 3492 non
1070 3446 1175 3490 amare
1186 3430 1239 3490 be-

268 3520 377 3578 neficia
392 3535 462 3592 sua,
485 3520 635 3577 neminem
656 3536 717 3578 non
738 3519 778 3577 ita
798 3516 993 3589 conpositum
1012 3515 1128 3588 anime,
1150 3521 1185 3574 ut
1204 3514 1239 3572 li-

266 3602 388 3661 bentius
409 3618 478 3661 enm
493 3602 609 3672 videat,
626 3602 656 3660 in
678 3617 768 3675 quern
797 3601 889 3658 multa
909 3599 1078 3672 congessit,
1101 3597 1152 3657 cui
1176 3613 1238 3657 non

269 3699 363 3743 causa
391 3686 429 3746 sit
454 3686 561 3746 iterum
584 3685 675 3744 dandi
700 3682 841 3744 beneficii
867 3684 961 3743 semel
982 3682 1116 3742 dedisse.
1154 3680 1237 3755 quod
