2942 4384
309 467 371 533 208
595 467 630 535 L'.
651 467 798 527 ΑΝΝΑΕΙ
821 466 995 528 SENECAE
1041 463 1047 472 ’
1068 482 1070 488 ’

311 619 492 682 claudentia.
519 619 590 679 inde
606 626 653 680 est
668 635 779 691 sonus,
798 636 887 694 quem
903 636 960 679 nos
974 619 1115 680 tonitrum
1128 634 1284 680 vocamus.

282 707 343 770 aln
365 706 434 778 ipso
457 719 580 778 quoque
601 707 672 763 abre
693 704 840 778 quicquid
861 711 1056 776 extenuatur,
1079 704 1213 783 simulet
1228 705 1285 763 sic-

312 784 397 848 catur
418 797 447 847 et
468 787 576 845 calefit.
605 786 664 846 hoc
686 802 811 861 quoque
832 787 858 845 si
875 788 1025 846 inclusum
1040 792 1102 858 est,
1126 802 1227 862 aeque
1241 788 1286 847 lu·

312 886 380 945 gam
398 869 516 943 quaerit
530 877 560 929 et
575 886 643 928 cum
659 886 737 929 sono
754 870 857 928 evadit
871 886 906 929 ae
922 871 1013 929 modo
1029 869 1205 928 universam
1219 886 1287 929 eru·

312 954 446 1029 ptionem
461 953 532 1011 lecit
546 968 646 1026 eoque
662 953 872 1012 vehementius
887 954 1018 1024 intonat,
1037 953 1130 1012 modo
1146 969 1203 1026 per
1218 969 1287 1028 par-

284 1044 359 1108 3tes
375 1043 405 1096 et
419 1034 593 1095 minutatim.
617 1051 690 1110 ergo
705 1038 835 1095 tonitrua
847 1035 896 1095 hic
910 1036 1036 1122 spiritus
1050 1037 1200 1110 exprimit,
1215 1038 1288 1095 dum

312 1126 365 1179 aut
383 1118 496 1193 rumpit
516 1117 613 1178 nubes
633 1126 685 1178 aut
707 1121 854 1193 pervolat.
885 1120 1028 1179 volutatio
1044 1126 1144 1185 autem
1160 1120 1286 1193 spiritus

313 1204 342 1262 in
364 1203 444 1263 nube
466 1202 602 1262 conclusi
617 1202 855 1264 valentissimum
871 1210 918 1261 εει
933 1203 1089 1262 adterendi
1104 1218 1212 1275 genus
1242 1211 1287 1262 to·

312 1287 411 1346 nitrua
431 1286 510 1345 enim
530 1284 604 1346 nibil
624 1284 706 1344 aliud
729 1294 799 1346 sunt
813 1302 903 1360 quam
919 1287 968 1346 citi
982 1286 1061 1344 aeris
1078 1285 1214 1364 sonitus,
1236 1284 1288 1360 qui

313 1370 394 1440 fieri,
417 1370 475 1428 nisi
491 1369 563 1427 dum
579 1376 630 1427 aut
643 1369 712 1427 terit
726 1376 778 1429 aut
791 1370 947 1442 rumpitur,
972 1384 1034 1427 non
1049 1374 1160 1443 potest.

287 1464 300 1514 1
373 1453 436 1511 LV.
466 1452 524 1523 „Et
545 1452 570 1511 si
592 1452 785 1512 conliduntur
802 1453 929 1511 intense
944 1452 1189 1525 nubes,.inquit,
1212 1451 1248 1510 iit
1261 1453 1287 1511 is

314 1552 405 1610 quem
427 1536 585 1593 desideras
607 1535 715 1611 ictus.‘⁴
744 1536 798 1595 sed
821 1551 881 1594 non
896 1534 1070 1595 universus.
1091 1535 1287 1609 nequeenim

313 1626 394 1679 totae
415 1618 485 1678 totis
506 1626 704 1691 concurrunt,
728 1619 784 1677 sed
805 1619 942 1693 partibus
963 1625 1076 1694 partes.
1104 1634 1162 1677 nec
1177 1624 1289 1678 sonant

314 1702 430 1773 mollia,
454 1700 514 1760 nisi
528 1700 618 1759 inlisa
632 1700 716 1760 duris
733 1708 818 1761 sunt:
839 1703 940 1775 itaque
954 1719 1015 1762 non
1031 1701 1152 1760 auditur
1164 1700 1287 1773 fluctus,

285 1784 372 1847 anisi
394 1784 533 1857 inpactus
555 1791 611 1843 εει.
653 1784 772 1858 „lgnis,
800 1786 915 1859 inquit,
945 1786 1089 1844 dimissus
1117 1785 1147 1844 in
1174 1800 1289 1859 aquam

314 1874 418 1939 sonat,
441 1867 519 1931 >dum
539 1866 771 1941 exstinguitur.“
811 1868 886 1930 Puta
907 1869 947 1927 ita
967 1884 1053 1927 esse:
1078 1884 1135 1942 pro
1158 1884 1207 1927 me
1231 1874 1288 1927 εει

314 1966 375 2009 non
397 1950 474 2009 enim
497 1956 569 2009 tunc
590 1950 669 2024 ignis
691 1966 800 2010 sonum
821 1952 928 2025 elficit,
950 1953 1006 2012 sed
1022 1951 1146 2025 spiritus
1164 1966 1219 2025 per
1235 1967 1289 2009 ex·

315 2032 499 2108 stinguentia
520 2035 650 2108 lugiens.
691 2034 730 2093 Ut
750 2035 819 2094 dem
839 2036 892 2094 tibi
915 2042 944 2094 et
964 2035 1030 2094 lieri
1045 2034 1075 2095 in
1091 2034 1172 2093 nube
1187 2035 1289 2109 ignem

285 2124 343 2178 3ει
363 2116 529 2190 exstingui,
553 2133 571 2175 ε
594 2118 702 2191 spiritu
723 2120 858 2178 nascitur
877 2127 907 2178 et
924 2120 1042 2178 adtritu.
1079 2117 1177 2191 „Quid
1193 2123 1290 2191 ergo?

314 2202 425 2274 inquit,
455 2216 515 2259 non
539 2207 641 2273 potest
660 2202 762 2275 aliqua
783 2218 820 2260 ex
836 2202 884 2260 bis
900 2202 1176 2262 transcurrentibus
1192 2200 1288 2260 stellis

314 2282 448 2341 incidere
470 2284 500 2341 in
526 2284 638 2341 nubem
665 2291 695 2342 et
719 2286 918 2359 exstinguit“
952 2285 1167 2346 Existimemus
1192 2298 1289 2357 posse

315 2366 404 2425 etiam
419 2366 583 2439 aliquando
599 2365 659 2426 boc
673 2366 754 2425 fieri:
777 2384 858 2427 nunc
872 2371 1037 2427 naturalem
1053 2383 1176 2427 causam
1193 2383 1288 2441 quae-

314 2448 408 2507 rimus
423 2457 453 2507 et
472 2448 647 2522 adsiduam,
671 2465 731 2508 non
748 2467 848 2510 raram
863 2453 1085 2525 lortuitamque.
1120 2458 1193 2525 puta
1208 2450 1289 2509 enim

313 2547 362 2590 me
384 2532 521 2591 confiteri
535 2548 640 2592 verum
655 2549 741 2605 esse,
764 2536 845 2608 quod
862 2534 955 2606 dicis,
976 2535 1140 2609 aliquando
1157 2541 1229 2608 post
1244 2542 1288 2593 to-

314 2614 413 2675 nitrua
433 2614 565 2675 emicare
585 2617 670 2690 ignes
690 2617 786 2677 stellis
806 2618 990 2677 transversis
1007 2626 1036 2678 et
1052 2618 1233 2679 cadentibus
1248 2616 1287 2675 si·

313 2700 415 2759 miles=
438 2715 499 2757 non
521 2699 560 2758 ob
580 2700 639 2760 hoc
654 2701 787 2760 tonitrua
802 2702 881 2761 iacta
896 2708 981 2777 sunt,
1002 2702 1058 2761 sed
1075 2717 1143 2760 cum
1159 2700 1220 2760 hoc
1235 2700 1287 2759 tie·

285 2790 373 2854 aret,
399 2782 532 2842 tonitrua
553 2784 730 2843 factasunt.
773 2784 967 2845 Clidemus
993 2785 1034 2843 ait
1056 2785 1286 2858 fulgurationem

314 2866 450 2937 speciem
471 2866 590 2924 inanem
610 2881 697 2938 esse,
725 2883 787 2925 non
807 2868 921 2941 ignem:
944 2868 990 2927 sie
1004 2867 1081 2925 enirn
1098 2875 1286 2942 pernoctem

314 2947 508 3020 splendorem
530 2956 614 3008 motu
632 2964 784 3009 remorum
807 2952 910 3010 videri.
945 2950 1099 3011 Dissimile
1120 2958 1168 3010 cst
1185 2966 1285 3009 exem·

312 3030 406 3103 plum.
439 3028 499 3089 illic
521 3032 599 3090 enim
620 3033 768 3107 splendor
787 3034 865 3094 intra
884 3050 995 3110 aquam
1020 3034 1119 3108 ipsam
1145 3034 1286 3109 adparet:

315 3111 368 3187 qui
382 3113 415 3173 fit
431 3112 461 3172 in
475 3116 560 3189 abre,
585 3117 714 3190 erumpit
728 3125 758 3175 et
772 3118 881 3177 exsilit

287 3213 301 3266 1
377 3198 453 3256 LVl.
474 3197 694 3259 Heraclitus
716 3200 1110 3274 existimatiulgurationem
1123 3200 1289 3260 essevelut

314 3281 398 3354 apud
418 3298 475 3341 nos
494 3282 702 3357 incipientium
724 3281 836 3357 ignium
858 3292 998 3343 conatum
1015 3292 1044 3343 et
1060 3285 1186 3359 primam
1202 3282 1286 3342 ilam-

313 3379 392 3423 mam
412 3365 570 3440 incertam,
593 3368 685 3426 modo
705 3368 919 3440 intereuntem,
946 3368 1039 3427 modo
1061 3373 1287 3441 resurgenteme

256 3467 259 3473 ·
313 3446 391 3506 haec
406 3446 521 3523 antiqui
543 3451 712 3522 fulgetra
732 3451 882 3513 dicebant.
911 3467 969 3510 nos
992 3450 1164 3510 tonitrua
1187 3451 1287 3524 plura·

306 3530 381 3589 >liter
395 3531 537 3605 dicimuS,
562 3532 677 3605 antiqui
692 3541 790 3592 autem
806 3534 988 3594 tonitrum
1006 3533 1149 3593 dixerunt
1162 3542 1214 3594 aut
1228 3542 1288 3593 to-

313 3628 407 3672 num.
441 3616 508 3675 Hoc
522 3616 603 3689 apud
619 3615 799 3676 Caecinnam
815 3616 951 3689 invenio,
970 3617 1134 3676 facundum
1147 3616 1242 3676 virum
1258 3624 1290 3675 ει

315 3696 367 3769 qui
386 3696 544 3760 habuisset
564 3698 729 3775 aliquando
751 3699 782 3763 in
797 3699 971 3778 eloquentia
985 3717 1112 3775 nomen,
1130 3699 1189 3761 nisi
1206 3701 1289 3759 illam
