2942 4384
243 444 267 478 tt
624 424 860 477 PRAEFATIO.

245 570 362 630 superest
381 564 437 627 ejus
451 568 547 612 tantum
562 576 623 627 pars
642 562 745 611 minima
765 569 789 612 et
810 569 934 623 extrema,
959 565 987 614 id
1005 565 1073 627 quod
1089 566 1144 630 ipse
1162 562 1261 616 Seneca

245 635 309 683 satis
327 633 437 692 iudicat,
452 632 495 693 qui
509 640 644 695 postquam
656 646 740 697 pauca
756 632 787 680 de
803 634 925 697 grandiae
943 633 1022 693 dixit,
1048 648 1070 682 c.
1097 636 1129 698 4,
1156 636 1261 698 lpera·

245 710 312 751 ctam
331 714 387 750 esse
411 701 585 763 quaestionem
604 701 640 748 ait
660 708 685 749 et
708 699 775 749 velle
793 714 821 748 se
843 700 968 763 quaedam
989 701 1059 752 velut
1082 702 1108 750 in
1131 703 1260 751 cumulum

246 770 348 819 addere.
385 768 467 827 Quare
485 770 552 819 side
570 768 660 817 lacuna
675 767 737 816 mihi
755 769 911 828 conceditur,
936 783 1012 831 quam
1031 784 1079 835 ego
1095 771 1170 819 etiam
1188 770 1259 835 frag·

247 838 338 887 mentis
354 838 555 900 quibusdamab
573 838 629 900 ipso
648 835 744 885 Seneca
766 837 934 902 suppeditatis
952 837 1052 901 explere
1070 839 1156 887 studui
1172 865 1207 875 -
1223 839 1259 889 le-

249 914 342 971 guntur
358 922 388 956 ea
404 905 481 970 paulo
498 912 556 970 post
570 920 591 954 c.
605 904 636 964 3,
655 904 680 955 6.
698 919 719 953 c.
736 904 783 964 13,
802 907 827 955 2.
843 930 879 941 -
895 904 960 955 illud
976 921 1075 970 quoque
1094 907 1202 971 intelligi
1218 923 1259 957 er·

247 976 340 1038 bitror,
359 990 391 1023 ne
408 989 540 1023 numerum
560 973 661 1036 quidem
678 973 814 1035 librorum,
835 988 899 1035 quus
923 989 990 1022 nuuc
1010 983 1106 1039 septem
1125 975 1257 1033 habemus,

246 1058 334 1092 verum
351 1057 407 1092 esse
421 1057 511 1107 posse;
527 1042 584 1105 quis
602 1043 668 1090 enim
687 1042 806 1090 credibile
822 1043 936 1106 putabit,
960 1043 1028 1104 quod
1043 1051 1067 1092 et
1085 1058 1100 1092 a
1122 1052 1257 1093 consuetu-

246 1112 305 1161 dine
318 1119 343 1159 et
358 1112 389 1159 ab
407 1119 460 1160 arte
474 1109 583 1160 Senecae
600 1110 674 1174 plane
690 1109 801 1159 alienum
819 1118 870 1170 est,
894 1125 943 1159 unc
962 1111 1026 1161 libro
1039 1112 1083 1163 IV.
1101 1112 1164 1161 duas
1179 1127 1258 1174 quae-

244 1180 340 1228 stiones
356 1179 542 1229 diversissimas
560 1178 691 1243 copulatas
708 1192 765 1227 esse
784 1180 889 1243 ejusque
906 1179 944 1228 rei
961 1195 1043 1241 neque
1056 1180 1083 1229 in
1100 1179 1258 1244 praelatione

244 1247 313 1296 illius
331 1246 389 1295 libri
407 1262 489 1310 neque
505 1248 531 1296 in
547 1247 648 1314 epilogo
667 1247 744 1296 ullam
762 1248 914 1296 mentionem
933 1247 1005 1297 fieri?
1022 1263 1100 1309 quare
1114 1249 1201 1298 debuit
1213 1248 1257 1298 illo

245 1315 300 1366 loco
318 1316 398 1378 quinti
417 1315 474 1365 libri
488 1330 607 1365 numerus
627 1317 687 1381 poni
711 1324 735 1366 et
758 1316 877 1381 deinceps
894 1318 1052 1379 sequentium
1072 1317 1192 1367 librorum
1210 1332 1257 1366 nu-

246 1384 309 1433 meri
323 1385 429 1443 mutari,
448 1384 518 1447 qttod
534 1400 597 1451 ego,
616 1400 648 1435 ne
662 1386 737 1434 nimis
753 1400 768 1434 a
785 1384 888 1449 vulgato
904 1400 974 1435 more
991 1386 1149 1444 recederem,
1170 1384 1257 1435 lacere

244 1453 384 1517 supersedi.
420 1452 517 1504 Deinde
535 1454 592 1504 libri
606 1454 639 1504 V.
660 1454 843 1519 praelationem
861 1456 981 1502 amissam
1000 1468 1056 1503 esse
1074 1454 1191 1510 arbitror,
1211 1469 1256 1503 ne·

245 1536 294 1584 que
312 1522 339 1571 id
356 1521 477 1571 incertum
498 1525 615 1586 cuiquam
638 1523 779 1581 videbitur,
802 1522 846 1583 qui
869 1522 1077 1580 consideraverit,
1101 1536 1177 1585 quam
1201 1531 1256 1572 stu·

246 1590 317 1639 diose
330 1588 426 1638 Seneca
444 1605 474 1639 ea
486 1596 587 1650 tractet,
608 1605 673 1652 quae
691 1590 724 1639 ad
741 1605 794 1639 rem
812 1590 968 1653 propositam
983 1604 1034 1639 non
1047 1589 1122 1639 nimis
1139 1605 1256 1639 necessa-

244 1659 282 1706 ria
300 1663 372 1717 sunt,
388 1658 452 1707 adeo
465 1666 493 1707 ut
508 1659 590 1708 videri
607 1658 688 1722 possit
709 1659 780 1721 ipsos
797 1658 873 1707 libros
890 1658 1075 1722 praelationum
1100 1666 1124 1707 et
1142 1659 1256 1723 epilogo-

245 1740 302 1775 rum
321 1739 398 1774 causa
416 1728 558 1791 scripsisse.
592 1724 706 1789 Denique
723 1726 787 1775 libro
799 1727 834 1775 VI
847 1727 936 1776 deesse
949 1727 1058 1789 aliquem
1074 1725 1158 1776 locum
1173 1742 1206 1776 ex
1224 1743 1254 1776 eo

244 1792 408 1858 intelligitur,
427 1795 495 1857 quod
513 1810 536 1844 c.
555 1796 600 1854 14,
616 1797 632 1846 2
648 1802 754 1844 testatur
775 1810 803 1845 se
821 1810 922 1855 eorum,
941 1797 1033 1858 quibus
1047 1797 1145 1860 placeat
1163 1803 1255 1843 terram

246 1862 338 1912 animal
366 1876 436 1923 esse,
464 1864 612 1913 sententiam
641 1878 864 1924 commemorasse,
894 1865 962 1928 quod
990 1866 1110 1926 quoniam
1140 1864 1201 1913 dicit
1227 1880 1255 1913 se

244 1930 343 1996 paulo
362 1938 434 1980 ante
450 1931 558 1994 fecisse,
573 1931 641 1983 credi
657 1946 707 1983 non
723 1940 808 1998 potest
823 1948 933 1983 errorem
948 1948 1005 1983 eum
1024 1948 1081 1984 esse
1099 1931 1139 1982 vel
1158 1947 1255 1982 memo·

244 2000 297 2049 riae
313 1998 422 2064 lapsum.

312 2067 413 2118 Praeter
438 2068 534 2138 majora
554 2066 617 2119 haee
640 2068 729 2119 horum
751 2067 874 2120 libromm
899 2072 1048 2121 detrimenta
1069 2066 1149 2119 multa
1170 2069 1254 2117 estin

244 2136 328 2187 verbis
341 2138 449 2203 singulis
465 2138 617 2188 incertitudo
636 2145 660 2187 et
673 2139 832 2203 depravatio;
848 2140 964 2200 namqui
985 2138 1045 2187 olim
1064 2137 1179 2199 usurpati
1195 2145 1255 2185 sunt

244 2206 344 2255 codices
355 2207 521 2255 Memmianus
540 2212 564 2255 et
580 2205 766 2269 Bongarsianus
782 2214 806 2254 et
821 2206 844 2254 si
858 2208 902 2269 qui
914 2207 958 2255 alii
974 2207 1074 2255 luerunt
1091 2206 1131 2254 his
1147 2203 1265 2268 similes,-

244 2274 337 2322 vetusti
358 2282 382 2323 et
402 2275 433 2323 ab
456 2273 623 2337 interpolaudi
642 2274 747 2324 libidine
766 2275 906 2334 immunes,
930 2290 1017 2324 eorum
1041 2290 1107 2323 nunc
1128 2273 1211 2321 tenuis
1229 2282 1254 2321 et

243 2342 364 2407 ambigua
381 2343 503 2393 memoria
520 2349 616 2402 exstat3
634 2343 749 2408 proxime
766 2344 800 2391 ad
817 2343 864 2393 hos
884 2344 982 2393 accedit
1003 2344 1059 2393 cod.
1075 2341 1252 2403 Berolinensis,

243 2424 295 2459 sec.
311 2409 393 2471 xlta,
412 2411 454 2473 qui
472 2424 622 2472 quamquam
642 2417 680 2461 est
700 2413 826 2476 omnium,
844 2426 908 2473 quos
924 2414 1066 2461 accuratius
1084 2408 1188 2459 collatos
1206 2409 1253 2458 ha·

243 2480 345 2543 bemus,
372 2479 446 2543 louge
468 2478 592 2541 optimus,
616 2485 643 2527 ut
667 2480 691 2529 ei
713 2480 802 2528 merito
825 2478 972 2529 aFiclrerto
997 2494 1096 2529 summa
1117 2478 1253 2526 auctoritas

242 2546 380 2607 tribuatur,
406 2553 489 2596 tamen
514 2548 581 2597 omni
599 2548 716 2598 vitiorum
731 2562 824 2613 genere
840 2547 910 2596 haud
924 2562 980 2597 raro
996 2548 1176 2602 foedatusest3
1193 2559 1253 2593 nam

242 2622 341 2679 praeter
357 2615 476 2665 foliorum
488 2614 584 2679 aliquot
602 2616 743 2677 defectum,
767 2631 843 2679 quem
858 2631 935 2679 supra
954 2617 1106 2679 memoravi,
1132 2621 1156 2663 et
1170 2614 1253 2661 mino-

243 2685 313 2734 ribus
327 2683 424 2735 lacunis
438 2685 550 2746 laborat,
567 2686 677 2748 maxime
694 2686 720 2734 in
740 2685 785 2736 lib.
804 2686 839 2734 IV
855 2685 1029 2750 praefatione,
1050 2692 1075 2734 et
1095 2680 1253 2745 singularum

244 2768 334 2803 vocum
359 2754 552 2814 omissionibus,
583 2769 656 2817 quaev
669 2753 889 2815 frequentissimae
911 2762 970 2803 sunt
994 2756 1020 2802 in
1042 2761 1114 2817 parte
1136 2749 1193 2797 libii
1210 2749 1252 2807 111,

243 2822 302 2871 iude
320 2837 336 2871 a
354 2838 375 2872 c.
393 2824 436 2872 22.
462 2823 619 2885 reperiuntur
639 2824 715 2871 etiam
733 2822 882 2883 aliquotiens
902 2821 1059 2871 librariorum
1081 2819 1253 2869 additamenta

244 2896 269 2938 et
285 2892 383 2954 passim
401 2890 445 2938 alii
464 2904 561 2938 errores
578 2890 661 2949 varii;
684 2890 798 2953 ejusdem
815 2903 902 2938 rursus
920 2890 977 2939 libri
1000 2890 1026 2938 in
1042 2887 1158 2953 plurimis
1173 2888 1253 2950 parti-

238 2952 290 3006 'bus
304 2959 370 3007 mira
387 2958 518 3023 integritas
532 2964 570 3006 est
587 2964 661 3020 atque
679 2958 705 3007 iu
720 2958 784 3021 ipsis
797 2958 872 3007 etiam
889 2959 958 3007 vitiis
975 2957 1124 3022 plerumque
1136 2955 1254 3019 proxima

244 3040 301 3074 oum
319 3027 424 3076 veritate
439 3026 606 3075 necessitudo.
643 3026 836 3076 Diversissimus
852 3034 890 3075 est
905 3028 963 3076 cod.
983 3025 1189 3090 Bambergensis,
1208 3024 1254 3084 qui

243 3093 315 3145 illum
331 3102 413 3145 aetate
430 3103 545 3159 superat;
564 3095 642 3143 seculi
661 3095 726 3145 enim
742 3094 778 3143 XI
799 3109 856 3144 esse
871 3095 1027 3158 perhibetur3
1051 3103 1160 3144 ceterum
1177 3090 1255 3140 habet

232 3161 353 3214 Senecae
370 3163 448 3213 libros
462 3164 571 3228 primum
587 3164 618 3213 ab
634 3163 718 3226 aliquo
735 3163 805 3212 haud
826 3164 927 3213 indocto
943 3163 1044 3212 homine
1061 3162 1211 3227 gravissime
1228 3170 1255 3208 et

235 3233 411 3283 audacissime
428 3232 606 3297 interpolatos,
626 3232 716 3283 deinde
735 3233 811 3282 etiam
826 3231 975 3297 vulgaribus
987 3232 1145 3281 librariorum
1163 3242 1254 3295 pecea-

241 3302 277 3351 tis
295 3309 438 3367 corruptum
464 3316 511 3351 nec
524 3309 608 3351 tamen
624 3303 715 3352 desunt
739 3300 855 3366 exempla
872 3301 1011 3365 scripturae
1032 3315 1064 3349 ex
1082 3301 1166 3363 aliquo
1181 3305 1254 3345 vetu-

243 3371 320 3420 stiore
337 3378 361 3419 et
378 3372 476 3435 integro
492 3370 554 3419 libro
570 3379 739 3435 propagatae;
764 3384 842 3432 quare
865 3383 965 3419 summa
987 3369 1102 3425 cautione
1120 3382 1184 3433 opus
1205 3375 1254 3424 est,

244 3452 276 3487 ne
294 3445 337 3487 aut
351 3454 417 3502 quae
433 3440 515 3504 proba
526 3447 597 3497 sunt,
612 3440 737 3489 immerito
757 3440 920 3499 damnentur,
937 3447 980 3486 aut
998 3452 1062 3499 quae
1077 3440 1191 3501 speciose
1209 3449 1255 3482 cx·

244 3506 366 3572 cogitavit
386 3507 517 3567 falsarius,
540 3521 587 3572 pro
606 3508 671 3556 veris
689 3509 735 3557 tibi
754 3509 892 3571 imponant.
926 3508 954 3556 ln
970 3514 1038 3555 tauta
1053 3506 1184 3555 dubitandi
1201 3516 1255 3550 ma-

243 3575 322 3635 teria,
344 3590 420 3637 quam
444 3578 494 3627 duo
514 3574 542 3625 hi
560 3575 660 3625 codices
683 3576 817 3639 diligenter
835 3576 899 3624 inter
922 3589 950 3624 se
968 3576 1106 3638 comparati
1124 3573 1256 3638 praebent,

244 3657 300 3693 raro
318 3644 423 3704 accidit,
449 3653 476 3694 ut
497 3646 524 3694 in
546 3644 650 3706 reliquis
669 3644 799 3693 codicibus
820 3644 1002 3693 recentioribus
1023 3643 1083 3693 boni
1098 3642 1195 3691 consilii
1211 3656 1256 3690 co-

244 3713 313 3776 piam
333 3714 495 3765 nanciscaris.
531 3713 639 3766 Proinde
657 3714 718 3764 ratis
736 3726 860 3778 apparere
877 3712 997 3774 arbitror,
1021 3726 1071 3762 non
1093 3725 1169 3776 posse
1187 3724 1255 3760 nuuc
