2942 4384
306 471 369 535 286
594 469 626 528 L.
647 468 794 527 ANNAEl
813 466 988 528 SENECAE

308 619 473 694 dequibus
491 620 581 694 paulo
600 626 670 678 ante
686 617 789 689 retuli,
811 614 912 677 inania
926 616 1021 676 indito
1038 614 1173 675 clamore
1188 631 1280 675 sonu·

308 708 425 762 erunt.“

281 790 297 841 l
369 785 432 843 XX.
454 784 664 843 Veniamus
686 798 786 842 nuno
808 782 947 852 adeos,
971 782 1034 855 qui
1051 780 1282 851 omniaista,

310 884 407 943 quae
435 867 573 938 retuli,
607 866 642 924 in
672 882 791 925 causa
818 882 907 925 esse
935 863 1117 924 dixerunt
1147 871 1213 922 aut
1239 879 1284 921 er

308 952 368 1012 liis
403 952 531 1024 plura:
566 950 811 1008 Democritus
844 950 955 1022 plura
987 954 1102 1021 putat.
1139 949 1181 1005 ait
1204 947 1283 1004 enim

309 1041 441 1108 „motum
458 1033 622 1106 aliquando
638 1032 747 1104 spiritu
758 1031 837 1103 lieri,
856 1032 1020 1105 aliquando
1033 1047 1129 1106 aqua,
1145 1031 1283 1103 aliquan-

310 1120 349 1176 do
364 1120 523 1190 utroque.“
551 1122 581 1174 et
597 1116 627 1173 id
642 1116 700 1173 hoo
716 1116 807 1174 modo
825 1114 1034 1189 prosequiturt
1066 1112 1199 1187 „Aliqua
1211 1128 1284 1187 pars

309 1210 407 1259 terrae
423 1214 559 1257 concava
574 1207 631 1257 est.
653 1198 682 1255 in
699 1198 777 1257 hanc
788 1214 887 1271 aquae
900 1200 946 1255 vis
959 1195 1095 1256 confluit.
1117 1212 1156 1255 ex
1168 1196 1227 1255 hac
1238 1204 1285 1255 est

310 1282 425 1357 aliquid
439 1290 528 1341 tenue
545 1288 574 1339 et
588 1281 697 1342 ceteris
713 1281 867 1356 liquidius.
890 1280 949 1339 hoo
964 1296 1031 1338 oum
1048 1279 1284 1353 superueniente

310 1366 457 1439 gravitate
472 1365 615 1423 reiectum
632 1372 693 1436 est,
717 1364 805 1423 terris
821 1364 953 1422 inliditur
967 1370 997 1421 et
1011 1363 1078 1422 illas
1093 1369 1205 1421 movet.
1228 1376 1284 1419 neo

311 1449 391 1507 euim
407 1448 546 1507 fluctuari
566 1455 666 1521 potest
681 1448 747 1505 sine
764 1455 846 1506 motu
861 1445 942 1518 eius,
965 1447 995 1503 in
1011 1446 1094 1520 quod
1110 1445 1283 1518 inpingitur.

284 1530 489 1590 tEtiammmo
504 1531 658 1605 quomodo
675 1531 713 1589 de
729 1531 838 1604 spiritu
849 1530 1042 1600 dicebamus,
1063 1529 1102 1587 de
1114 1544 1197 1602 aqua
1209 1545 1283 1602 quo·

313 1630 372 1688 que
393 1614 555 1673 dicendum
576 1621 641 1673 est=
669 1613 721 1672 ubi
742 1614 771 1671 iu
793 1630 885 1672 uuum
906 1615 1006 1671 locum
1029 1613 1168 1671 coniecta
1187 1618 1238 1670 est
1257 1620 1285 1671 et

312 1713 423 1770 capere
438 1713 473 1755 se
488 1697 590 1768 desiit,
614 1695 716 1769 aliquo
734 1696 880 1755 incumbit
895 1703 925 1755 et
940 1698 1036 1769 primo
1054 1696 1131 1754 viam
1148 1694 1285 1768 pondere

312 1781 423 1853 aperit,
446 1779 556 1837 deinde
579 1779 690 1852 inpetu.
718 1794 775 1837 uec
797 1780 876 1837 euim
891 1780 974 1837 exire
989 1778 1047 1837 nisi
1063 1795 1118 1852 per
1133 1778 1283 1836 devexum

313 1870 413 1936 potest
434 1862 485 1921 diu
507 1862 624 1921 inclusa
644 1878 702 1921 noo
722 1862 751 1919 in
775 1862 921 1921 directum
937 1862 1048 1921 cadere
1062 1862 1220 1920 moderate
1235 1867 1285 1919 aut

284 1947 378 2005 tsine
394 1946 598 2006 concussione
614 1961 734 2016 eorum,
758 1961 813 2019 per
829 1961 908 2019 quae
924 1947 972 2003 vel
987 1944 1017 2002 in
1033 1960 1112 2019 quae
1126 1944 1218 2003 cadit.
1254 1943 1284 2002 Si

312 2046 399 2102 vero,
424 2046 491 2089 cum
506 2032 564 2088 iam
579 2030 646 2103 rapi
659 2030 773 2102 coepit,
792 2030 894 2102 aliquo
906 2030 973 2087 loco
987 2028 1124 2087 subsistit
1135 2034 1164 2085 et
1177 2028 1228 2086 illa
1239 2027 1283 2085 vis

311 2113 444 2172 fluminis
466 2114 495 2171 in
511 2128 546 2172 se
559 2115 696 2172 revoluta
712 2119 773 2184 est,
797 2112 825 2170 iu
843 2112 1046 2171 continentem
1060 2118 1170 2173 terram
1186 2111 1283 2184 repel-

311 2197 380 2255 litur
395 2203 424 2255 et
439 2197 532 2267 illam,
551 2213 611 2269 qua
625 2204 710 2270 parte
725 2196 855 2253 maxime
871 2197 995 2269 pendet,
1017 2196 1159 2267 exagitat.
1197 2193 1281 2251 Prae·

311 2288 395 2338 terea
416 2280 581 2352 aliquando
599 2280 768 2337 madelaota
783 2280 872 2337 tellus
887 2279 1006 2353 liquore
1022 2278 1142 2352 penitus
1157 2285 1283 2350 accepto

311 2362 400 2420 altius
422 2362 501 2420 sedit
520 2370 550 2421 et
571 2362 683 2420 fundus
705 2362 774 2434 ipse
792 2362 924 2421 vitiatum
947 2371 1019 2421 tuno
1036 2376 1072 2420 ea
1089 2377 1159 2435 pars
1175 2362 1284 2433 premi·

310 2451 375 2516 tur,
396 2443 425 2503 in
449 2460 538 2517 quam
556 2444 686 2503 maxime
701 2460 847 2518 aquarum
861 2446 1047 2518 vergendum
1064 2444 1186 2518 pondus
1203 2443 1284 2502 incli-

282 2536 370 2590 tnat.
406 2526 535 2602 Spiritus
550 2545 624 2587 vero
640 2544 865 2602 nonnumquam
882 2530 996 2603 inpellit
1011 2528 1109 2587 undas
1125 2535 1168 2599 et,
1193 2528 1221 2585 si
1235 2542 1284 2584 re-

311 2612 479 2671 hementius
500 2611 618 2684 institit,
641 2629 707 2671 eam
730 2611 847 2671 scilicet
869 2620 983 2685 partem
1004 2620 1102 2671 terrae
1116 2619 1233 2683 movet,
1256 2611 1285 2668 in

313 2712 403 2770 quam
427 2703 550 2755 coactas
576 2712 673 2768 aquas
699 2696 805 2755 intulit.
845 2712 1072 2769 nonnumquam
1103 2695 1131 2752 in
1166 2702 1286 2752 terrena

311 2779 418 2837 itinera
440 2779 596 2838 coniectus
618 2785 648 2837 et
668 2779 779 2837 exitum
802 2795 953 2851 quaerens
978 2786 1081 2838 movet
1107 2778 1227 2836 omnia:
1257 2786 1286 2835 et

310 2869 391 2919 terra
412 2878 536 2935 quoque
559 2862 755 2936 penetrabilis
776 2863 875 2921 ventIs
895 2870 943 2921 est
964 2869 993 2920 et
1008 2862 1132 2935 spiritus
1147 2861 1286 2920 subtilior

312 2951 372 3014 est,
396 2960 486 3016 quam
507 2953 540 3003 ut
564 2946 661 3017 possit
682 2946 817 3015 excludi,
847 2953 877 3004 et
898 2945 1113 3017 vehementior,
1143 2960 1233 3018 quam
1255 2950 1286 3002 ut

283 3025 454 3089 esustineri
470 3026 639 3087 concitatus
655 3042 690 3085 ac
707 3028 867 3101 rapidus.‘⁴
900 3028 1032 3088 Omnes
1048 3029 1146 3087 istas
1166 3042 1285 3101 posse

311 3126 401 3169 esse
437 3126 580 3170 causas
616 3111 809 3185 Epicurus
846 3113 897 3172 ait
934 3112 1147 3186 pluresque
1185 3111 1286 3169 alias

311 3201 380 3252 tem
390 3201 471 3267 plat
498 3202 528 3254 et
548 3195 641 3267 alios,
663 3195 714 3269 qui
735 3195 848 3269 aliquid
864 3213 956 3255 unum
972 3195 1090 3254 existis
1106 3210 1179 3254 esse
1194 3194 1285 3253 adfir-

310 3285 482 3349 maverunt,
506 3278 643 3352 corripit,
667 3294 734 3337 eum
757 3281 795 3339 sit
816 3281 943 3339 arduum
964 3280 1002 3337 de
1024 3279 1087 3353 his,
1113 3294 1192 3352 quae
1213 3293 1286 3336 oon·

284 3362 426 3425 bicolora
448 3363 612 3435 sequenda·
626 3370 711 3434 suut,
734 3362 849 3436 aliquid
865 3363 937 3421 certi
954 3362 1137 3436 promittere.
1174 3361 1285 3435 „Ergo

310 3452 343 3503 ut
363 3445 417 3517 ait,
443 3452 543 3519 potest
563 3453 672 3505 terram
690 3461 874 3505 eoumovere
888 3462 981 3521 aqua,
1005 3446 1029 3504 sl
1047 3452 1150 3519 partes
1166 3445 1285 3519 aliquas

309 3527 384 3587 eluit
406 3536 435 3588 et
456 3530 584 3601 abrasit,
605 3530 714 3602 quibus
731 3531 820 3589 desiit
834 3545 930 3604 posse
944 3527 1115 3588 extenuatis
1132 3528 1285 3598 sustineri,

312 3613 395 3686 quod
407 3613 530 3685 integris
544 3613 705 3672 serebatur.
733 3613 837 3674 Potest
848 3621 956 3672 terram
970 3627 1155 3671 oonmovere
1167 3613 1286 3685 inpres-

311 3694 358 3754 sio
371 3695 510 3770 spiritus:
530 3698 661 3757 lortasse
673 3697 752 3755 enim
764 3713 817 3757 aer
828 3697 887 3756 alio
899 3698 1027 3757 intrante
1039 3696 1131 3773 [abre]
1145 3696 1286 3769 agitatur.
