2942 4384
399 465 538 527 numa.
555 465 715 540 uunnsr.
737 448 859 527 cmv.
880 475 922 531 1r.
939 476 981 529 ra.
1114 468 1175 532 aer

201 633 254 680 ne*
269 619 512 694 suspexerim
533 633 606 677 non
628 617 724 678 enim
748 633 792 677 ex
814 634 1022 678 unacausa
1038 628 1175 683 ventos

202 711 268 763 aut
286 702 437 762 invenit
457 707 521 760 aut
542 718 609 776 per
630 701 791 760 diversa
811 702 1026 775 disposuit,
1048 706 1175 778 sedpri-

201 802 300 858 mum,
319 794 353 845 ut
372 788 444 843 altra
464 801 524 844 non
546 786 680 844 sinerent
694 784 885 858 pigrescere,
907 786 962 843 scd
978 786 1109 845 adsidua
1124 804 1191 864 ve-v

200 868 327 928 xatioue
346 868 449 928 utilem
464 869 626 926 redderent
640 868 824 940 vitalemque
839 868 990 927 tractaris.
1019 869 1129 928 deinde
1144 880 1204 931 ult

201 952 316 1010 imbres
338 952 425 1010 terris
441 950 702 1010 subministrarent
716 950 869 1023 iidemque
884 952 992 1010 nimios
1008 968 1174 1026 conpesce-

200 1044 280 1095 rent.
302 1050 370 1092 nam
385 1035 477 1093 modo
492 1034 647 1092 adducunt
661 1032 775 1105 nubes,
797 1034 888 1093 modo
901 1033 1061 1107 diducunt,
1077 1044 1110 1094 ut
1122 1052 1176 1109 per

199 1124 296 1176 totum
312 1117 416 1177 orbem
432 1116 553 1190 pluviae
568 1115 662 1174 dividi
679 1122 818 1190 possent=
840 1116 868 1173 iu
887 1116 1001 1175 ltaliam
1018 1125 1120 1176 auster
1131 1120 1174 1175 in-

198 1200 301 1275 pellit,
327 1199 429 1272 aquilo
451 1199 480 1257 in
507 1197 641 1257 Africam
668 1198 768 1269 reicit,
798 1200 912 1257 etesiae
937 1215 996 1259 non
1024 1203 1175 1274 patiuntur

199 1283 285 1355 apud
301 1298 358 1341 nos
370 1282 467 1340 nubes
481 1283 659 1341 consistere.
677 1281 768 1339 iidem
780 1288 872 1342 totam
884 1281 1000 1339 indiam
1011 1290 1040 1340 et
1051 1284 1174 1342 Aethio·

200 1367 284 1439 piam
298 1364 450 1426 continuis
467 1380 520 1438 per
532 1365 561 1422 id
574 1374 694 1438 tempus
707 1364 796 1437 aquis
806 1364 948 1437 inrigant.
982 1364 1073 1436 Quid,
1091 1367 1202 1439 quod3

199 1450 307 1522 fruges
326 1448 442 1522 percipi
464 1463 523 1507 non
547 1455 693 1520 possent,
721 1445 780 1505 nisi
803 1446 878 1506 flatu
903 1463 1095 1520 supervacua
1120 1454 1172 1520 [et]

199 1529 296 1591 mixta
316 1531 476 1589 servandis
496 1530 721 1601 ventilarentur,
747 1545 804 1589 nec
817 1536 914 1601 esset,
938 1531 1021 1604 quod
1040 1538 1175 1603 segetem

200 1613 349 1673 excitaret
363 1621 393 1673 et
406 1615 547 1672 latentem
562 1614 678 1687 frugem
694 1614 792 1686 ruptis
808 1614 985 1673 velamentis
1001 1613 1075 1684 suis,
1095 1628 1174 1686 quae

199 1697 407 1756 folliculos
431 1697 583 1769 agricolae
602 1704 729 1767 vocant,
752 1697 944 1770 adaperiretl
980 1696 1070 1769 Quid,
1091 1696 1203 1768 quode

200 1780 343 1852 omnibus
358 1780 435 1838 inter
450 1794 485 1837 se
496 1779 617 1852 populis
631 1780 843 1839 commercium
855 1779 940 1837 dedit
953 1787 983 1839 et
994 1785 1099 1852 gentes
1112 1780 1174 1837 dis-

200 1863 319 1936 sipatas
335 1863 411 1922 locis
424 1859 564 1921 miscuit?
582 1864 690 1935 ingens
705 1871 832 1921 naturae
847 1862 1043 1933 beneficium,
1062 1863 1088 1920 si
1101 1863 1173 1921 illud

199 1945 230 2004 iu
251 1944 390 2004 iniuriam
413 1960 500 2004 suam
521 1961 581 2004 non
599 1952 695 2005 vertat
708 1945 862 2003 hominum
877 1944 976 2002 furor!
1003 1960 1072 2002 nam
1090 1946 1173 2017 quod

200 2028 241 2087 de
255 2027 387 2087 Caesare
407 2027 513 2086 maiori
533 2030 623 2101 volgo
643 2028 786 2086 dictatum
801 2032 849 2085 est
862 2035 892 2085 et
906 2043 924 2085 a
938 2027 1002 2085 Tito
1017 2026 1103 2084 Livio
1120 2043 1173 2100 po·

201 2110 307 2184 situm,
328 2114 360 2170 in
375 2114 485 2171 incerto
495 2128 570 2184 esse,
591 2118 688 2170 utrum
700 2114 782 2170 illum
794 2114 879 2169 nasci
888 2113 984 2183 magis
993 2110 1173 2183 republicae

195 2194 350 2270 profuerit
362 2211 403 2253 an
417 2210 474 2253 non
488 2198 586 2265 nasci,
608 2193 667 2253 diei
683 2194 771 2254 etiam
788 2194 826 2251 de
843 2194 940 2252 ventis
957 2199 1071 2266 potest=
1093 2192 1171 2251 adeo

199 2276 347 2351 quicquid
366 2292 406 2336 ex
426 2277 484 2335 illis
501 2277 573 2336 utile
587 2284 617 2335 et
630 2277 837 2335 necessarium
852 2283 913 2345 est,
934 2292 995 2335 non
1009 2282 1111 2349 potest
1124 2274 1172 2333 his

198 2360 374 2434 repensari,
398 2374 478 2433 quae
498 2358 528 2417 in
550 2360 716 2432 perniciem
739 2375 826 2418 suam
845 2359 966 2434 generis
981 2356 1105 2417 humani
1119 2358 1173 2416 de·

198 2442 313 2501 mentia
327 2443 490 2527 excogitat.
527 2442 589 2502 Sed
611 2459 684 2502 non
707 2441 796 2501 ideo
819 2459 891 2500 non
913 2449 1000 2501 sunt
1016 2442 1091 2500 ista
1107 2442 1199 2500 na-5

197 2533 285 2583 tura
319 2524 439 2598 bona,
475 2525 509 2585 si
542 2525 637 2585 vitio
670 2525 767 2583 male
799 2526 1171 2584 utentium-nocent.

152 2623 155 2631 ·
196 2608 265 2667 Non
286 2607 317 2666 in
340 2607 400 2666 hoc
420 2609 611 2682 providentia
637 2623 673 2666 ac
697 2606 866 2681 dispositor
892 2608 941 2664 ille
965 2606 1069 2665 mundi
1095 2607 1172 2671 dem

197 2691 404 2750 exercendum
425 2692 524 2750 ventis
540 2693 611 2749 citra
626 2690 709 2750 dedit
723 2697 753 2748 et
770 2690 838 2749 illos
857 2691 895 2749 ab
910 2690 990 2749 omni
1006 2698 1111 2762 parte,
1134 2703 1173 2746 ne

198 2772 276 2847 quid
288 2779 372 2833 esset
387 2774 447 2831 situ
462 2772 652 2848 squalidum,
674 2773 796 2842 effudit,
814 2782 848 2833 ut
862 2788 920 2832 nos
937 2773 1054 2831 classes
1069 2779 1171 2844 partes

197 2853 268 2914 freti
284 2861 486 2930 occupaturus
502 2858 715 2929 conpleremus
730 2856 822 2915 milite
836 2861 951 2914 armato
968 2862 998 2914 et
1008 2855 1126 2913 hostem
1141 2854 1170 2912 in

197 2939 274 3009 mari
294 2946 345 2997 aut
364 2946 435 3013 post
454 2953 538 3015 mare
560 2954 786 3013 quaereremus.
830 2940 912 3013 Quae
939 2954 996 2997 nos
1022 2937 1201 3006 dementiae

198 3021 333 3094 exagitat
352 3030 382 3082 et
402 3022 434 3081 in
448 3028 582 3100 mutuum
598 3024 744 3095 conponit
758 3022 903 3082 exitinmt
923 3024 992 3080 vela
1006 3022 1104 3081 ventis
1120 3023 1171 3080 da-

198 3119 268 3162 mus
282 3102 393 3164 bellum
411 3104 530 3178 petituri
547 3111 577 3163 et
593 3106 795 3179 periclitamur
811 3105 936 3178 periculi
952 3120 1054 3163 causa.
1075 3105 1172 3161 incer-

199 3195 261 3246 tam
278 3188 426 3247 fortunam
441 3188 624 3261 experimur,
641 3188 702 3245 vim
717 3194 931 3259 tempestatum
945 3187 1027 3243 nulla
1043 3201 1103 3257 ope
1119 3185 1172 3243 hu·

198 3285 290 3327 mana
310 3271 531 3344 superabilem,
560 3278 687 3329 mortem
709 3270 775 3326 sine
800 3284 856 3341 spe
883 3267 1066 3340 sepulturae.
1097 3264 1200 3345 ”Noni

198 3357 265 3411 erat
284 3355 373 3423 tanti,
402 3355 428 3412 si
449 3354 489 3412 ad
511 3368 615 3426 pacem
637 3367 691 3424 per
711 3350 770 3409 isla
790 3350 983 3409 veneremur:
1008 3365 1089 3408 nunc
1104 3361 1173 3409 cunt

198 3436 388 3495 evaserimus
403 3444 448 3495 tot
462 3438 608 3509 scopulos
624 3436 752 3493 latentes
767 3441 797 3493 et
811 3434 937 3492 insidias
951 3433 1058 3492 vadosi
1072 3432 1173 3505 maris,

198 3533 268 3577 cum
284 3520 481 3593 effugerimus
498 3519 688 3593 procellosos
704 3519 839 3591 desuper
859 3523 993 3588 montes,
1022 3532 1076 3589 per
1092 3531 1173 3587 quos

197 3617 350 3677 praeceps
371 3601 401 3661 in
421 3601 600 3675 navigantes
615 3610 724 3659 ventus
739 3600 912 3673 inpingitur,
936 3614 1004 3657 cum
1018 3600 1172 3657 involutos

198 3683 303 3747 nubilo
317 3686 384 3747 dies
400 3693 430 3747 et
444 3684 554 3745 nimbis
566 3700 601 3746 ac
613 3684 773 3747 tonitribus
785 3684 954 3745 horrendas
969 3689 1084 3753 noctes,
1103 3696 1173 3742 cum
