<?xml version="1.0" encoding="UTF-8"?>
<!DOCTYPE html PUBLIC "-//W3C//DTD XHTML 1.0 Transitional//EN"
    "http://www.w3.org/TR/xhtml1/DTD/xhtml1-transitional.dtd">
<html xmlns="http://www.w3.org/1999/xhtml" xml:lang="en" lang="en">
 <head>
  <title>
</title>
<meta http-equiv="Content-Type" content="text/html;charset=utf-8" />
  <meta name='ocr-system' content='tesseract 3.04.00' />
  <meta name='ocr-capabilities' content='ocr_page ocr_carea ocr_par ocr_line ocrx_word'/>
</head>
<body>
  <div class='ocr_page' id='page_1' title='image "./lannaeisenecaeo07senegoog_0110.png"; bbox 0 0 2942 4384; ppageno 0'>
   <div class='ocr_carea' id='block_1_1' title="bbox 328 456 1004 522">
    <p class='ocr_par' dir='ltr' id='par_1_1' title="bbox 328 456 1004 522">
     <span class='ocr_line' id='line_1_1' title="bbox 328 456 1004 522; baseline -0.009 0"><span class='ocrx_word' id='word_1_1' title='bbox 328 458 370 522; x_wconf 87' lang='grc'><strong>98</strong></span> <span class='ocrx_word' id='word_1_2' title='bbox 608 458 641 517; x_wconf 89' lang='lat' dir='ltr'><strong>L.</strong></span> <span class='ocrx_word' id='word_1_3' title='bbox 663 457 808 516; x_wconf 83' lang='lat' dir='ltr'>ANNAEl</span> <span class='ocrx_word' id='word_1_4' title='bbox 830 456 1004 516; x_wconf 82' lang='lat' dir='ltr'>SENECAE</span> 
     </span>
    </p>
   </div>
   <div class='ocr_carea' id='block_1_2' title="bbox 279 593 1332 3745">
    <p class='ocr_par' dir='ltr' id='par_1_2' title="bbox 326 593 1332 934">
     <span class='ocr_line' id='line_1_2' title="bbox 326 593 1332 681; baseline -0.004 -10"><span class='ocrx_word' id='word_1_5' title='bbox 326 610 481 671; x_wconf 83' lang='lat' dir='ltr'><strong>materiam</strong></span> <span class='ocrx_word' id='word_1_6' title='bbox 496 607 606 669; x_wconf 92' lang='lat' dir='ltr'><strong>deduci</strong></span> <span class='ocrx_word' id='word_1_7' title='bbox 621 606 796 681; x_wconf 79' lang='lat' dir='ltr'>magnitudo</span> <span class='ocrx_word' id='word_1_8' title='bbox 812 607 940 666; x_wconf 88' lang='lat' dir='ltr'><strong>nominis</strong></span> <span class='ocrx_word' id='word_1_9' title='bbox 957 604 1029 664; x_wconf 86' lang='lat' dir='ltr'><strong>clari</strong></span> <span class='ocrx_word' id='word_1_10' title='bbox 1045 605 1170 679; x_wconf 89' lang='lat' dir='ltr'><strong>debeat,</strong></span> <span class='ocrx_word' id='word_1_11' title='bbox 1192 607 1298 668; x_wconf 89' lang='lat' dir='ltr'><strong>advos</strong></span> <span class='ocrx_word' id='word_1_12' title='bbox 1329 593 1332 606; x_wconf 83' lang='lat'>&#39;</span> 
     </span>
     <span class='ocr_line' id='line_1_3' title="bbox 326 689 1297 767; baseline -0.003 -14"><span class='ocrx_word' id='word_1_13' title='bbox 326 711 387 754; x_wconf 91' lang='lat' dir='ltr'><strong>non</strong></span> <span class='ocrx_word' id='word_1_14' title='bbox 407 695 545 767; x_wconf 76' lang='lat' dir='ltr'>pertinet.</span> <span class='ocrx_word' id='word_1_15' title='bbox 573 693 604 750; x_wconf 94' lang='lat' dir='ltr'><strong>in</strong></span> <span class='ocrx_word' id='word_1_16' title='bbox 626 690 702 749; x_wconf 91' lang='lat' dir='ltr'><strong>atios</strong></span> <span class='ocrx_word' id='word_1_17' title='bbox 719 690 873 763; x_wconf 87' lang='lat' dir='ltr'><strong>quaeritur</strong></span> <span class='ocrx_word' id='word_1_18' title='bbox 887 704 1006 746; x_wconf 85' lang='lat' dir='ltr'><strong>verum=</strong></span> <span class='ocrx_word' id='word_1_19' title='bbox 1032 704 1090 748; x_wconf 91' lang='lat' dir='ltr'><strong>vos</strong></span> <span class='ocrx_word' id='word_1_20' title='bbox 1108 689 1148 747; x_wconf 92' lang='lat' dir='ltr'><strong>ad</strong></span> <span class='ocrx_word' id='word_1_21' title='bbox 1164 691 1297 765; x_wconf 88' lang='lat' dir='ltr'><strong>speciem</strong></span> 
     </span>
     <span class='ocr_line' id='line_1_4' title="bbox 327 771 1297 848; baseline -0.002 -14"><span class='ocrx_word' id='word_1_22' title='bbox 327 777 390 836; x_wconf 90' lang='lat' dir='ltr'><strong>veri</strong></span> <span class='ocrx_word' id='word_1_23' title='bbox 414 773 577 848; x_wconf 91' lang='lat' dir='ltr'><strong>conponite</strong></span> <span class='ocrx_word' id='word_1_24' title='bbox 598 774 728 831; x_wconf 90' lang='lat' dir='ltr'><strong>animum</strong></span> <span class='ocrx_word' id='word_1_25' title='bbox 745 781 788 845; x_wconf 85' lang='lat' dir='ltr'><strong>et,</strong></span> <span class='ocrx_word' id='word_1_26' title='bbox 814 773 885 831; x_wconf 90' lang='lat' dir='ltr'><strong>dum</strong></span> <span class='ocrx_word' id='word_1_27' title='bbox 900 771 1061 845; x_wconf 86' lang='lat' dir='ltr'><strong>honestum</strong></span> <span class='ocrx_word' id='word_1_28' title='bbox 1075 772 1195 846; x_wconf 90' lang='lat' dir='ltr'><strong>dicitis,</strong></span> <span class='ocrx_word' id='word_1_29' title='bbox 1217 773 1297 848; x_wconf 90' lang='lat' dir='ltr'><strong>quic·</strong></span> 
     </span>
     <span class='ocr_line' id='line_1_5' title="bbox 326 853 1190 934; baseline -0.007 -16"><span class='ocrx_word' id='word_1_30' title='bbox 326 860 398 934; x_wconf 89' lang='lat' dir='ltr'><strong>quid</strong></span> <span class='ocrx_word' id='word_1_31' title='bbox 414 867 460 917; x_wconf 96' lang='grc' dir='ltr'><strong>εει</strong></span> <span class='ocrx_word' id='word_1_32' title='bbox 474 857 519 927; x_wconf 89' lang='lat' dir='ltr'><strong>id,</strong></span> <span class='ocrx_word' id='word_1_33' title='bbox 543 872 603 929; x_wconf 91' lang='lat' dir='ltr'><strong>quo</strong></span> <span class='ocrx_word' id='word_1_34' title='bbox 620 871 728 915; x_wconf 89' lang='lat' dir='ltr'><strong>nomen</strong></span> <span class='ocrx_word' id='word_1_35' title='bbox 745 853 863 913; x_wconf 90' lang='lat' dir='ltr'><strong>bonesti</strong></span> <span class='ocrx_word' id='word_1_36' title='bbox 879 853 1019 924; x_wconf 87' lang='lat' dir='ltr'><strong>iactatur,</strong></span> <span class='ocrx_word' id='word_1_37' title='bbox 1040 854 1071 912; x_wconf 93' lang='lat' dir='ltr'><strong>id</strong></span> <span class='ocrx_word' id='word_1_38' title='bbox 1087 855 1190 914; x_wconf 92' lang='lat' dir='ltr'><strong>colite.</strong></span> 
     </span>
    </p>

    <p class='ocr_par' dir='ltr' id='par_1_3' title="bbox 292 936 1295 1259">
     <span class='ocr_line' id='line_1_6' title="bbox 292 936 1295 1012; baseline 0 -16"><span class='ocrx_word' id='word_1_39' title='bbox 292 945 309 996; x_wconf 95' lang='lat'>1</span> <span class='ocrx_word' id='word_1_40' title='bbox 386 936 1295 1012; x_wconf 78' lang='lat' dir='ltr'><strong>XV.‚‚Qu0modo,inquitnemopervosingratus</strong></span> 
     </span>
     <span class='ocr_line' id='line_1_7' title="bbox 325 1019 1294 1093; baseline -0.004 -10"><span class='ocrx_word' id='word_1_41' title='bbox 325 1030 398 1093; x_wconf 91' lang='lat' dir='ltr'><strong>est,</strong></span> <span class='ocrx_word' id='word_1_42' title='bbox 415 1022 625 1080; x_wconf 90' lang='lat' dir='ltr'><strong>sicrursus</strong></span> <span class='ocrx_word' id='word_1_43' title='bbox 641 1020 925 1093; x_wconf 81' lang='lat' dir='ltr'><strong>omncsingrati</strong></span> <span class='ocrx_word' id='word_1_44' title='bbox 941 1024 1057 1077; x_wconf 87' lang='lat' dir='ltr'><strong>sunt.“</strong></span> <span class='ocrx_word' id='word_1_45' title='bbox 1081 1019 1169 1092; x_wconf 88' lang='lat' dir='ltr'><strong>Nam,</strong></span> <span class='ocrx_word' id='word_1_46' title='bbox 1182 1019 1294 1080; x_wconf 91' lang='lat' dir='ltr'><strong>utdici·</strong></span> 
     </span>
     <span class='ocr_line' id='line_1_8' title="bbox 324 1100 1293 1178; baseline -0.001 -15"><span class='ocrx_word' id='word_1_47' title='bbox 324 1121 402 1173; x_wconf 88' lang='lat' dir='ltr'><strong>mus,</strong></span> <span class='ocrx_word' id='word_1_48' title='bbox 415 1119 520 1162; x_wconf 91' lang='lat' dir='ltr'><strong>omncs</strong></span> <span class='ocrx_word' id='word_1_49' title='bbox 534 1104 615 1161; x_wconf 85' lang='lat' dir='ltr'><strong>stulti</strong></span> <span class='ocrx_word' id='word_1_50' title='bbox 627 1104 696 1161; x_wconf 89' lang='lat' dir='ltr'><strong>mati</strong></span> <span class='ocrx_word' id='word_1_51' title='bbox 708 1110 787 1161; x_wconf 92' lang='lat' dir='ltr'><strong>sunt.</strong></span> <span class='ocrx_word' id='word_1_52' title='bbox 807 1102 857 1176; x_wconf 87' lang='lat' dir='ltr'><strong>qui</strong></span> <span class='ocrx_word' id='word_1_53' title='bbox 871 1108 969 1161; x_wconf 90' lang='lat' dir='ltr'><strong>autem</strong></span> <span class='ocrx_word' id='word_1_54' title='bbox 981 1100 1185 1160; x_wconf 88' lang='lat' dir='ltr'><strong>habetvitium</strong></span> <span class='ocrx_word' id='word_1_55' title='bbox 1198 1118 1293 1178; x_wconf 79' lang='lat' dir='ltr'><strong>unum,</strong></span> 
     </span>
     <span class='ocr_line' id='line_1_9' title="bbox 325 1182 1292 1259; baseline -0.003 -12"><span class='ocrx_word' id='word_1_56' title='bbox 325 1186 425 1247; x_wconf 92' lang='lat' dir='ltr'><strong>omnia</strong></span> <span class='ocrx_word' id='word_1_57' title='bbox 436 1186 534 1244; x_wconf 89' lang='lat' dir='ltr'><strong>babet.</strong></span> <span class='ocrx_word' id='word_1_58' title='bbox 558 1202 663 1245; x_wconf 87' lang='lat' dir='ltr'><strong>omnes</strong></span> <span class='ocrx_word' id='word_1_59' title='bbox 675 1193 775 1244; x_wconf 89' lang='lat' dir='ltr'><strong>autem</strong></span> <span class='ocrx_word' id='word_1_60' title='bbox 787 1185 866 1244; x_wconf 90' lang='lat' dir='ltr'><strong>stulti</strong></span> <span class='ocrx_word' id='word_1_61' title='bbox 879 1192 909 1243; x_wconf 91' lang='lat' dir='ltr'><strong>et</strong></span> <span class='ocrx_word' id='word_1_62' title='bbox 921 1182 989 1242; x_wconf 91' lang='lat' dir='ltr'><strong>mati</strong></span> <span class='ocrx_word' id='word_1_63' title='bbox 1001 1190 1085 1243; x_wconf 77' lang='lat' dir='ltr'><strong>sunt:</strong></span> <span class='ocrx_word' id='word_1_64' title='bbox 1105 1200 1214 1244; x_wconf 89' lang='lat' dir='ltr'><strong>omnes</strong></span> <span class='ocrx_word' id='word_1_65' title='bbox 1226 1200 1292 1259; x_wconf 79' lang='lat' dir='ltr'><strong>ergo</strong></span> 
     </span>
    </p>

    <p class='ocr_par' dir='ltr' id='par_1_4' title="bbox 298 1266 1291 1343">
     <span class='ocr_line' id='line_1_10' title="bbox 298 1266 1291 1343; baseline -0.001 -16"><span class='ocrx_word' id='word_1_66' title='bbox 298 1276 314 1327; x_wconf 76' lang='lat'>2</span> <span class='ocrx_word' id='word_1_67' title='bbox 327 1269 434 1343; x_wconf 77' lang='lat' dir='ltr'><strong>ingrati</strong></span> <span class='ocrx_word' id='word_1_68' title='bbox 449 1277 527 1327; x_wconf 89' lang='lat' dir='ltr'><strong>sunt.</strong></span> <span class='ocrx_word' id='word_1_69' title='bbox 558 1269 635 1341; x_wconf 83' lang='lat' dir='ltr'>Quid</span> <span class='ocrx_word' id='word_1_70' title='bbox 647 1274 743 1342; x_wconf 79' lang='lat' dir='ltr'><strong>ergot</strong></span> <span class='ocrx_word' id='word_1_71' title='bbox 761 1283 820 1326; x_wconf 91' lang='lat' dir='ltr'><strong>non</strong></span> <span class='ocrx_word' id='word_1_72' title='bbox 833 1274 924 1325; x_wconf 71' lang='lat' dir='ltr'><strong>sunt?</strong></span> <span class='ocrx_word' id='word_1_73' title='bbox 945 1282 1005 1324; x_wconf 94' lang='lat' dir='ltr'><strong>non</strong></span> <span class='ocrx_word' id='word_1_74' title='bbox 1018 1266 1152 1340; x_wconf 91' lang='lat' dir='ltr'><strong>undique</strong></span> <span class='ocrx_word' id='word_1_75' title='bbox 1164 1266 1291 1326; x_wconf 87' lang='lat' dir='ltr'><strong>humano</strong></span> 
     </span>
    </p>

    <p class='ocr_par' dir='ltr' id='par_1_5' title="bbox 279 1349 1331 1672">
     <span class='ocr_line' id='line_1_11' title="bbox 279 1349 1293 1426; baseline 0.003 -21"><span class='ocrx_word' id='word_1_76' title='bbox 279 1402 280 1405; x_wconf 74' lang='grc'>,</span> <span class='ocrx_word' id='word_1_77' title='bbox 324 1353 429 1426; x_wconf 80' lang='lat' dir='ltr'>generi</span> <span class='ocrx_word' id='word_1_78' title='bbox 444 1351 614 1410; x_wconf 90' lang='lat' dir='ltr'><strong>convicium</strong></span> <span class='ocrx_word' id='word_1_79' title='bbox 635 1352 689 1409; x_wconf 80' lang='lat' dir='ltr'><strong>irtt</strong></span> <span class='ocrx_word' id='word_1_80' title='bbox 715 1366 776 1409; x_wconf 94' lang='lat' dir='ltr'><strong>non</strong></span> <span class='ocrx_word' id='word_1_81' title='bbox 799 1349 922 1423; x_wconf 81' lang='lat' dir='ltr'><strong>publica</strong></span> <span class='ocrx_word' id='word_1_82' title='bbox 941 1349 1065 1422; x_wconf 86' lang='lat' dir='ltr'><strong>querela</strong></span> <span class='ocrx_word' id='word_1_83' title='bbox 1080 1355 1128 1408; x_wconf 89' lang='lat' dir='ltr'><strong>est</strong></span> <span class='ocrx_word' id='word_1_84' title='bbox 1147 1349 1293 1410; x_wconf 83' lang='lat' dir='ltr'><strong>beneficia</strong></span> 
     </span>
     <span class='ocr_line' id='line_1_12' title="bbox 324 1431 1289 1508; baseline -0.003 -15"><span class='ocrx_word' id='word_1_85' title='bbox 324 1437 443 1508; x_wconf 85' lang='lat' dir='ltr'><strong>perisse</strong></span> <span class='ocrx_word' id='word_1_86' title='bbox 459 1441 488 1493; x_wconf 90' lang='lat' dir='ltr'><strong>et</strong></span> <span class='ocrx_word' id='word_1_87' title='bbox 502 1434 706 1507; x_wconf 89' lang='lat' dir='ltr'><strong>paucissimos</strong></span> <span class='ocrx_word' id='word_1_88' title='bbox 722 1448 807 1503; x_wconf 89' lang='lat' dir='ltr'><strong>esse,</strong></span> <span class='ocrx_word' id='word_1_89' title='bbox 824 1432 926 1506; x_wconf 90' lang='lat' dir='ltr'><strong>quide</strong></span> <span class='ocrx_word' id='word_1_90' title='bbox 941 1431 1221 1492; x_wconf 90' lang='lat' dir='ltr'><strong>benemerentibus</strong></span> <span class='ocrx_word' id='word_1_91' title='bbox 1237 1443 1289 1492; x_wconf 86' lang='lat' dir='ltr'><strong>non</strong></span> 
     </span>
     <span class='ocr_line' id='line_1_13' title="bbox 323 1511 1331 1598; baseline -0.002 -24"><span class='ocrx_word' id='word_1_92' title='bbox 323 1517 452 1576; x_wconf 87' lang='lat' dir='ltr'><strong>invicem</strong></span> <span class='ocrx_word' id='word_1_93' title='bbox 467 1518 601 1590; x_wconf 84' lang='lat' dir='ltr'><strong>pessime</strong></span> <span class='ocrx_word' id='word_1_94' title='bbox 622 1521 815 1574; x_wconf 72' lang='lat' dir='ltr'><strong>mereantur?</strong></span> <span class='ocrx_word' id='word_1_95' title='bbox 838 1515 900 1574; x_wconf 91' lang='lat' dir='ltr'><strong>Nec</strong></span> <span class='ocrx_word' id='word_1_96' title='bbox 916 1521 963 1573; x_wconf 86' lang='grc' dir='ltr'><strong>εει</strong></span> <span class='ocrx_word' id='word_1_97' title='bbox 975 1514 1056 1587; x_wconf 93' lang='lat' dir='ltr'><strong>quod</strong></span> <span class='ocrx_word' id='word_1_98' title='bbox 1069 1512 1149 1572; x_wconf 87' lang='lat' dir='ltr'><strong>hanc</strong></span> <span class='ocrx_word' id='word_1_99' title='bbox 1162 1511 1290 1574; x_wconf 84' lang='lat' dir='ltr'><strong>nostram</strong></span> <span class='ocrx_word' id='word_1_100' title='bbox 1330 1539 1331 1598; x_wconf 66' lang='lat'>3</span> 
     </span>
     <span class='ocr_line' id='line_1_14' title="bbox 323 1596 1289 1672; baseline -0.003 -14"><span class='ocrx_word' id='word_1_101' title='bbox 323 1608 434 1659; x_wconf 89' lang='lat' dir='ltr'><strong>tantum</strong></span> <span class='ocrx_word' id='word_1_102' title='bbox 451 1597 714 1656; x_wconf 67' lang='lat' dir='ltr'><strong>murmurationem</strong></span> <span class='ocrx_word' id='word_1_103' title='bbox 736 1606 825 1671; x_wconf 88' lang='lat' dir='ltr'><strong>putes</strong></span> <span class='ocrx_word' id='word_1_104' title='bbox 845 1614 900 1671; x_wconf 93' lang='lat' dir='ltr'><strong>pro</strong></span> <span class='ocrx_word' id='word_1_105' title='bbox 917 1596 1050 1669; x_wconf 90' lang='lat' dir='ltr'><strong>pessimo</strong></span> <span class='ocrx_word' id='word_1_106' title='bbox 1067 1612 1227 1672; x_wconf 90' lang='lat' dir='ltr'><strong>pravoque</strong></span> <span class='ocrx_word' id='word_1_107' title='bbox 1242 1614 1289 1656; x_wconf 92' lang='lat' dir='ltr'><strong>nu-</strong></span> 
     </span>
    </p>

    <p class='ocr_par' dir='ltr' id='par_1_6' title="bbox 296 1678 1289 1919">
     <span class='ocr_line' id='line_1_15' title="bbox 296 1678 1289 1754; baseline -0.001 -16"><span class='ocrx_word' id='word_1_108' title='bbox 296 1680 501 1745; x_wconf 84' lang='lat' dir='ltr'><strong>3merantium</strong></span> <span class='ocrx_word' id='word_1_109' title='bbox 525 1680 669 1754; x_wconf 89' lang='lat' dir='ltr'><strong>quicquid</strong></span> <span class='ocrx_word' id='word_1_110' title='bbox 690 1679 765 1738; x_wconf 91' lang='lat' dir='ltr'><strong>citra</strong></span> <span class='ocrx_word' id='word_1_111' title='bbox 785 1680 859 1739; x_wconf 93' lang='lat' dir='ltr'><strong>recti</strong></span> <span class='ocrx_word' id='word_1_112' title='bbox 880 1678 1037 1739; x_wconf 85' lang='lat' dir='ltr'><strong>iormuiam</strong></span> <span class='ocrx_word' id='word_1_113' title='bbox 1060 1679 1181 1739; x_wconf 90' lang='lat' dir='ltr'><strong>cecidit.</strong></span> <span class='ocrx_word' id='word_1_114' title='bbox 1216 1680 1289 1738; x_wconf 88' lang='lat' dir='ltr'><strong>Ecce</strong></span> 
     </span>
     <span class='ocr_line' id='line_1_16' title="bbox 324 1762 1287 1836; baseline 0 -16"><span class='ocrx_word' id='word_1_115' title='bbox 324 1762 492 1835; x_wconf 87' lang='lat' dir='ltr'><strong>nescioqui</strong></span> <span class='ocrx_word' id='word_1_116' title='bbox 508 1778 567 1820; x_wconf 94' lang='lat' dir='ltr'><strong>non</strong></span> <span class='ocrx_word' id='word_1_117' title='bbox 580 1777 620 1820; x_wconf 89' lang='lat' dir='ltr'><strong>ex</strong></span> <span class='ocrx_word' id='word_1_118' title='bbox 633 1762 889 1836; x_wconf 87' lang='lat' dir='ltr'><strong>philosophorum</strong></span> <span class='ocrx_word' id='word_1_119' title='bbox 901 1762 992 1820; x_wconf 91' lang='lat' dir='ltr'><strong>domo</strong></span> <span class='ocrx_word' id='word_1_120' title='bbox 1004 1762 1125 1833; x_wconf 87' lang='lat' dir='ltr'><strong>clamat,</strong></span> <span class='ocrx_word' id='word_1_121' title='bbox 1140 1776 1181 1820; x_wconf 88' lang='lat' dir='ltr'><strong>ex</strong></span> <span class='ocrx_word' id='word_1_122' title='bbox 1194 1762 1287 1821; x_wconf 90' lang='lat' dir='ltr'><strong>medio</strong></span> 
     </span>
     <span class='ocr_line' id='line_1_17' title="bbox 324 1844 1231 1919; baseline -0.003 -16"><span class='ocrx_word' id='word_1_123' title='bbox 324 1851 474 1903; x_wconf 88' lang='lat' dir='ltr'><strong>conventu</strong></span> <span class='ocrx_word' id='word_1_124' title='bbox 490 1845 624 1918; x_wconf 89' lang='lat' dir='ltr'><strong>populos</strong></span> <span class='ocrx_word' id='word_1_125' title='bbox 639 1852 809 1919; x_wconf 78' lang='lat' dir='ltr'><strong>gentesque</strong></span> <span class='ocrx_word' id='word_1_126' title='bbox 824 1845 1001 1902; x_wconf 76' lang='lat' dir='ltr'><strong>damnatura</strong></span> <span class='ocrx_word' id='word_1_127' title='bbox 1015 1860 1078 1903; x_wconf 88' lang='lat' dir='ltr'><strong>vox</strong></span> <span class='ocrx_word' id='word_1_128' title='bbox 1093 1844 1231 1903; x_wconf 78' lang='lat' dir='ltr'><strong>mittitur:</strong></span> 
     </span>
    </p>

    <p class='ocr_par' dir='ltr' id='par_1_7' title="bbox 368 1928 1281 2167">
     <span class='ocr_line' id='line_1_18' title="bbox 472 1928 1281 2008; baseline -0.002 -22"><span class='ocrx_word' id='word_1_129' title='bbox 472 1954 473 1957; x_wconf 38' lang='lat'>¹</span> <span class='ocrx_word' id='word_1_130' title='bbox 526 1928 591 1987; x_wconf 85' lang='lat' dir='ltr'><strong>Non</strong></span> <span class='ocrx_word' id='word_1_131' title='bbox 605 1929 709 2002; x_wconf 78' lang='lat' dir='ltr'><strong>hospes</strong></span> <span class='ocrx_word' id='word_1_132' title='bbox 722 1930 760 1987; x_wconf 81' lang='lat' dir='ltr'><strong>ab</strong></span> <span class='ocrx_word' id='word_1_133' title='bbox 773 1929 884 2003; x_wconf 80' lang='lat' dir='ltr'><strong>bospite</strong></span> <span class='ocrx_word' id='word_1_134' title='bbox 898 1934 983 1999; x_wconf 84' lang='lat' dir='ltr'><strong>tutus,</strong></span> <span class='ocrx_word' id='word_1_135' title='bbox 1276 1997 1281 2008; x_wconf 38' lang='lat'><em>,</em></span> 
     </span>
     <span class='ocr_line' id='line_1_19' title="bbox 368 2010 1232 2084; baseline -0.002 -13"><span class='ocrx_word' id='word_1_136' title='bbox 368 2028 427 2071; x_wconf 83' lang='lat' dir='ltr'><strong>non</strong></span> <span class='ocrx_word' id='word_1_137' title='bbox 440 2027 523 2070; x_wconf 86' lang='lat' dir='ltr'><strong>socer</strong></span> <span class='ocrx_word' id='word_1_138' title='bbox 536 2027 556 2069; x_wconf 82' lang='lat' dir='ltr'><strong>a</strong></span> <span class='ocrx_word' id='word_1_139' title='bbox 567 2027 685 2084; x_wconf 63' lang='lat' dir='ltr'><strong>penae.</strong></span> <span class='ocrx_word' id='word_1_140' title='bbox 703 2010 838 2082; x_wconf 81' lang='lat' dir='ltr'><strong>fratrum</strong></span> <span class='ocrx_word' id='word_1_141' title='bbox 852 2026 964 2084; x_wconf 82' lang='lat' dir='ltr'><strong>quoquc</strong></span> <span class='ocrx_word' id='word_1_142' title='bbox 974 2011 1076 2083; x_wconf 74' lang='lat' dir='ltr'><strong>pratia</strong></span> <span class='ocrx_word' id='word_1_143' title='bbox 1090 2013 1168 2069; x_wconf 79' lang='lat' dir='ltr'><strong>rara</strong></span> <span class='ocrx_word' id='word_1_144' title='bbox 1181 2018 1232 2070; x_wconf 84' lang='lat' dir='ltr'><strong>est.</strong></span> 
     </span>
     <span class='ocr_line' id='line_1_20' title="bbox 370 2095 1006 2167; baseline -0.006 -13"><span class='ocrx_word' id='word_1_145' title='bbox 370 2098 492 2154; x_wconf 80' lang='lat' dir='ltr'><strong>inminet</strong></span> <span class='ocrx_word' id='word_1_146' title='bbox 503 2096 592 2152; x_wconf 75' lang='lat' dir='ltr'><strong>exitio</strong></span> <span class='ocrx_word' id='word_1_147' title='bbox 606 2096 651 2152; x_wconf 79' lang='lat' dir='ltr'><strong>vir</strong></span> <span class='ocrx_word' id='word_1_148' title='bbox 664 2097 809 2167; x_wconf 74' lang='lat' dir='ltr'><strong>cantapia,</strong></span> <span class='ocrx_word' id='word_1_149' title='bbox 830 2096 883 2152; x_wconf 82' lang='lat' dir='ltr'><strong>illa</strong></span> <span class='ocrx_word' id='word_1_150' title='bbox 897 2095 1006 2151; x_wconf 80' lang='lat' dir='ltr'><strong>martti.</strong></span> 
     </span>
    </p>

    <p class='ocr_par' dir='ltr' id='par_1_8' title="bbox 292 2174 1331 2745">
     <span class='ocr_line' id='line_1_21' title="bbox 292 2174 1288 2249; baseline -0.003 -13"><span class='ocrx_word' id='word_1_151' title='bbox 292 2176 386 2237; x_wconf 89' lang='lat' dir='ltr'><strong>4Hoc</strong></span> <span class='ocrx_word' id='word_1_152' title='bbox 408 2178 465 2235; x_wconf 90' lang='lat' dir='ltr'><strong>iam</strong></span> <span class='ocrx_word' id='word_1_153' title='bbox 487 2175 615 2249; x_wconf 90' lang='lat' dir='ltr'><strong>amptius</strong></span> <span class='ocrx_word' id='word_1_154' title='bbox 637 2183 692 2235; x_wconf 90' lang='lat' dir='ltr'><strong>est.</strong></span> <span class='ocrx_word' id='word_1_155' title='bbox 721 2175 870 2234; x_wconf 88' lang='lat' dir='ltr'><strong>beneficia</strong></span> <span class='ocrx_word' id='word_1_156' title='bbox 890 2174 920 2233; x_wconf 94' lang='lat' dir='ltr'><strong>in</strong></span> <span class='ocrx_word' id='word_1_157' title='bbox 942 2175 1043 2233; x_wconf 91' lang='lat' dir='ltr'><strong>scelus</strong></span> <span class='ocrx_word' id='word_1_158' title='bbox 1064 2190 1156 2234; x_wconf 84' lang='lat' dir='ltr'><strong>versa</strong></span> <span class='ocrx_word' id='word_1_159' title='bbox 1177 2181 1288 2235; x_wconf 90' lang='lat' dir='ltr'><strong>suntet</strong></span> 
     </span>
     <span class='ocr_line' id='line_1_22' title="bbox 321 2255 1288 2331; baseline 0 -14"><span class='ocrx_word' id='word_1_160' title='bbox 321 2259 460 2331; x_wconf 82' lang='lat' dir='ltr'><strong>sanguini</strong></span> <span class='ocrx_word' id='word_1_161' title='bbox 476 2273 579 2315; x_wconf 90' lang='lat' dir='ltr'><strong>corum</strong></span> <span class='ocrx_word' id='word_1_162' title='bbox 597 2273 657 2316; x_wconf 90' lang='lat' dir='ltr'><strong>non</strong></span> <span class='ocrx_word' id='word_1_163' title='bbox 673 2257 820 2331; x_wconf 88' lang='lat' dir='ltr'><strong>parcitur,</strong></span> <span class='ocrx_word' id='word_1_164' title='bbox 837 2274 891 2330; x_wconf 91' lang='lat' dir='ltr'><strong>pro</strong></span> <span class='ocrx_word' id='word_1_165' title='bbox 904 2255 1015 2331; x_wconf 90' lang='lat' dir='ltr'><strong>quibus</strong></span> <span class='ocrx_word' id='word_1_166' title='bbox 1027 2258 1154 2330; x_wconf 82' lang='lat' dir='ltr'><strong>sanguis</strong></span> <span class='ocrx_word' id='word_1_167' title='bbox 1167 2259 1288 2319; x_wconf 82' lang='lat' dir='ltr'><strong>tunden-</strong></span> 
     </span>
     <span class='ocr_line' id='line_1_23' title="bbox 322 2337 1287 2416; baseline 0 -17"><span class='ocrx_word' id='word_1_168' title='bbox 322 2341 379 2399; x_wconf 89' lang='lat' dir='ltr'><strong>dus</strong></span> <span class='ocrx_word' id='word_1_169' title='bbox 396 2348 451 2399; x_wconf 94' lang='grc' dir='ltr'><strong>εει.</strong></span> <span class='ocrx_word' id='word_1_170' title='bbox 481 2340 581 2413; x_wconf 80' lang='lat' dir='ltr'><strong>gladio</strong></span> <span class='ocrx_word' id='word_1_171' title='bbox 598 2355 633 2398; x_wconf 88' lang='lat' dir='ltr'><strong>ac</strong></span> <span class='ocrx_word' id='word_1_172' title='bbox 649 2341 774 2398; x_wconf 88' lang='lat' dir='ltr'><strong>venenis</strong></span> <span class='ocrx_word' id='word_1_173' title='bbox 795 2340 944 2398; x_wconf 85' lang='lat' dir='ltr'><strong>beneficia</strong></span> <span class='ocrx_word' id='word_1_174' title='bbox 960 2337 1125 2413; x_wconf 89' lang='lat' dir='ltr'><strong>sequimur.</strong></span> <span class='ocrx_word' id='word_1_175' title='bbox 1160 2341 1224 2416; x_wconf 87' lang='lat' dir='ltr'><strong>Ipsi</strong></span> <span class='ocrx_word' id='word_1_176' title='bbox 1240 2356 1287 2416; x_wconf 90' lang='lat' dir='ltr'><strong>pa-</strong></span> 
     </span>
     <span class='ocr_line' id='line_1_24' title="bbox 321 2422 1287 2498; baseline 0.001 -17"><span class='ocrx_word' id='word_1_177' title='bbox 321 2424 395 2481; x_wconf 86' lang='lat' dir='ltr'><strong>triae</strong></span> <span class='ocrx_word' id='word_1_178' title='bbox 411 2438 518 2481; x_wconf 89' lang='lat' dir='ltr'><strong>manus</strong></span> <span class='ocrx_word' id='word_1_179' title='bbox 534 2422 654 2481; x_wconf 83' lang='lat' dir='ltr'><strong>adferre</strong></span> <span class='ocrx_word' id='word_1_180' title='bbox 669 2431 698 2482; x_wconf 94' lang='lat' dir='ltr'><strong>et</strong></span> <span class='ocrx_word' id='word_1_181' title='bbox 712 2422 847 2482; x_wconf 80' lang='lat' dir='ltr'><strong>fascibus</strong></span> <span class='ocrx_word' id='word_1_182' title='bbox 863 2423 942 2481; x_wconf 89' lang='lat' dir='ltr'><strong>iilam</strong></span> <span class='ocrx_word' id='word_1_183' title='bbox 957 2422 1022 2481; x_wconf 91' lang='lat' dir='ltr'><strong>suis</strong></span> <span class='ocrx_word' id='word_1_184' title='bbox 1035 2438 1174 2497; x_wconf 88' lang='lat' dir='ltr'><strong>premere</strong></span> <span class='ocrx_word' id='word_1_185' title='bbox 1187 2433 1287 2498; x_wconf 89' lang='lat' dir='ltr'><strong>poten·</strong></span> 
     </span>
     <span class='ocr_line' id='line_1_25' title="bbox 320 2501 1288 2580; baseline -0.001 -15"><span class='ocrx_word' id='word_1_186' title='bbox 320 2506 361 2565; x_wconf 88' lang='lat' dir='ltr'><strong>tia</strong></span> <span class='ocrx_word' id='word_1_187' title='bbox 375 2521 412 2564; x_wconf 91' lang='lat' dir='ltr'><strong>ac</strong></span> <span class='ocrx_word' id='word_1_188' title='bbox 428 2506 558 2579; x_wconf 80' lang='lat' dir='ltr'><strong>dignitas</strong></span> <span class='ocrx_word' id='word_1_189' title='bbox 573 2512 628 2564; x_wconf 90' lang='lat' dir='ltr'><strong>est.</strong></span> <span class='ocrx_word' id='word_1_190' title='bbox 651 2505 755 2564; x_wconf 83' lang='lat' dir='ltr'><strong>humili</strong></span> <span class='ocrx_word' id='word_1_191' title='bbox 770 2522 804 2564; x_wconf 94' lang='lat' dir='ltr'><strong>se</strong></span> <span class='ocrx_word' id='word_1_192' title='bbox 818 2521 854 2563; x_wconf 89' lang='lat' dir='ltr'><strong>ac</strong></span> <span class='ocrx_word' id='word_1_193' title='bbox 867 2505 1015 2579; x_wconf 89' lang='lat' dir='ltr'><strong>depresso</strong></span> <span class='ocrx_word' id='word_1_194' title='bbox 1027 2501 1095 2566; x_wconf 89' lang='lat' dir='ltr'><strong>loco</strong></span> <span class='ocrx_word' id='word_1_195' title='bbox 1108 2513 1193 2580; x_wconf 90' lang='lat' dir='ltr'><strong>putat</strong></span> <span class='ocrx_word' id='word_1_196' title='bbox 1203 2515 1288 2579; x_wconf 83' lang='lat' dir='ltr'><strong>stare,</strong></span> 
     </span>
     <span class='ocr_line' id='line_1_26' title="bbox 321 2587 1289 2663; baseline 0 -15"><span class='ocrx_word' id='word_1_197' title='bbox 321 2587 461 2663; x_wconf 88' lang='lat' dir='ltr'><strong>quisquis</strong></span> <span class='ocrx_word' id='word_1_198' title='bbox 486 2605 545 2648; x_wconf 93' lang='lat' dir='ltr'><strong>non</strong></span> <span class='ocrx_word' id='word_1_199' title='bbox 567 2605 662 2662; x_wconf 90' lang='lat' dir='ltr'><strong>supra</strong></span> <span class='ocrx_word' id='word_1_200' title='bbox 682 2588 898 2662; x_wconf 85' lang='lat' dir='ltr'><strong>rempublicam</strong></span> <span class='ocrx_word' id='word_1_201' title='bbox 924 2589 1013 2648; x_wconf 88' lang='lat' dir='ltr'><strong>stetit.</strong></span> <span class='ocrx_word' id='word_1_202' title='bbox 1046 2589 1164 2662; x_wconf 86' lang='lat' dir='ltr'><strong>accepti</strong></span> <span class='ocrx_word' id='word_1_203' title='bbox 1184 2589 1223 2650; x_wconf 87' lang='lat' dir='ltr'><strong>ab</strong></span> <span class='ocrx_word' id='word_1_204' title='bbox 1243 2591 1289 2648; x_wconf 86' lang='lat' dir='ltr'><strong>ilia</strong></span> 
     </span>
     <span class='ocr_line' id='line_1_27' title="bbox 320 2669 1331 2745; baseline -0.005 -14"><span class='ocrx_word' id='word_1_205' title='bbox 320 2673 471 2731; x_wconf 85' lang='lat' dir='ltr'><strong>exercitus</strong></span> <span class='ocrx_word' id='word_1_206' title='bbox 483 2672 512 2730; x_wconf 93' lang='lat' dir='ltr'><strong>in</strong></span> <span class='ocrx_word' id='word_1_207' title='bbox 525 2672 622 2745; x_wconf 88' lang='lat' dir='ltr'><strong>ipsam</strong></span> <span class='ocrx_word' id='word_1_208' title='bbox 636 2678 852 2730; x_wconf 90' lang='lat' dir='ltr'><strong>convertuntur</strong></span> <span class='ocrx_word' id='word_1_209' title='bbox 863 2677 892 2729; x_wconf 92' lang='lat' dir='ltr'><strong>et</strong></span> <span class='ocrx_word' id='word_1_210' title='bbox 902 2669 1095 2745; x_wconf 89' lang='lat' dir='ltr'><strong>imperatoria</strong></span> <span class='ocrx_word' id='word_1_211' title='bbox 1108 2670 1216 2732; x_wconf 89' lang='lat' dir='ltr'><strong>concio</strong></span> <span class='ocrx_word' id='word_1_212' title='bbox 1230 2678 1288 2732; x_wconf 82' lang='lat' dir='ltr'><strong>est:</strong></span> <span class='ocrx_word' id='word_1_213' title='bbox 1330 2681 1331 2690; x_wconf 57' lang='lat'>¹</span> 
     </span>
    </p>

    <p class='ocr_par' dir='ltr' id='par_1_9' title="bbox 291 2754 1331 3162">
     <span class='ocr_line' id='line_1_28' title="bbox 291 2754 1288 2838; baseline -0.004 -21"><span class='ocrx_word' id='word_1_214' title='bbox 291 2754 475 2828; x_wconf 83' lang='lat' dir='ltr'><strong>5,‚Pugnate</strong></span> <span class='ocrx_word' id='word_1_215' title='bbox 490 2763 595 2813; x_wconf 91' lang='lat' dir='ltr'><strong>contra</strong></span> <span class='ocrx_word' id='word_1_216' title='bbox 609 2754 772 2838; x_wconf 80' lang='lat' dir='ltr'><strong>coniuges,</strong></span> <span class='ocrx_word' id='word_1_217' title='bbox 793 2760 925 2828; x_wconf 80' lang='lat' dir='ltr'><strong>pugnate</strong></span> <span class='ocrx_word' id='word_1_218' title='bbox 941 2762 1047 2813; x_wconf 89' lang='lat' dir='ltr'><strong>contra</strong></span> <span class='ocrx_word' id='word_1_219' title='bbox 1061 2754 1185 2816; x_wconf 76' lang='lat' dir='ltr'><strong>liberos.</strong></span> <span class='ocrx_word' id='word_1_220' title='bbox 1213 2772 1288 2828; x_wconf 86' lang='lat' dir='ltr'><strong>aras,</strong></span> 
     </span>
     <span class='ocr_line' id='line_1_29' title="bbox 319 2835 1331 2914; baseline 0.004 -21"><span class='ocrx_word' id='word_1_221' title='bbox 319 2837 421 2907; x_wconf 78' lang='lat' dir='ltr'><strong>iocoS,</strong></span> <span class='ocrx_word' id='word_1_222' title='bbox 446 2843 571 2909; x_wconf 86' lang='lat' dir='ltr'><strong>penates</strong></span> <span class='ocrx_word' id='word_1_223' title='bbox 593 2838 684 2894; x_wconf 89' lang='lat' dir='ltr'><strong>armis</strong></span> <span class='ocrx_word' id='word_1_224' title='bbox 699 2838 852 2896; x_wconf 90' lang='lat' dir='ltr'><strong>incessite.</strong></span> <span class='ocrx_word' id='word_1_225' title='bbox 879 2837 929 2911; x_wconf 90' lang='lat' dir='ltr'><strong>qui</strong></span> <span class='ocrx_word' id='word_1_226' title='bbox 944 2852 983 2895; x_wconf 90' lang='lat' dir='ltr'><strong>ne</strong></span> <span class='ocrx_word' id='word_1_227' title='bbox 997 2835 1208 2911; x_wconf 86' lang='lat' dir='ltr'><strong>triumphaturi</strong></span> <span class='ocrx_word' id='word_1_228' title='bbox 1227 2838 1287 2914; x_wconf 90' lang='lat' dir='ltr'><strong>qui·</strong></span> <span class='ocrx_word' id='word_1_229' title='bbox 1330 2903 1331 2908; x_wconf 8' lang='grc' dir='ltr'>γ</span> 
     </span>
     <span class='ocr_line' id='line_1_30' title="bbox 319 2917 1289 2997; baseline 0.004 -22"><span class='ocrx_word' id='word_1_230' title='bbox 319 2917 387 2976; x_wconf 89' lang='lat' dir='ltr'><strong>dcm</strong></span> <span class='ocrx_word' id='word_1_231' title='bbox 409 2918 518 2976; x_wconf 88' lang='lat' dir='ltr'><strong>intrare</strong></span> <span class='ocrx_word' id='word_1_232' title='bbox 541 2918 645 2975; x_wconf 89' lang='lat' dir='ltr'><strong>urbem</strong></span> <span class='ocrx_word' id='word_1_233' title='bbox 665 2918 785 2979; x_wconf 90' lang='lat' dir='ltr'><strong>iniussu</strong></span> <span class='ocrx_word' id='word_1_234' title='bbox 805 2927 929 2979; x_wconf 90' lang='lat' dir='ltr'><strong>senatus</strong></span> <span class='ocrx_word' id='word_1_235' title='bbox 951 2919 1102 2980; x_wconf 89' lang='lat' dir='ltr'><strong>deberetis</strong></span> <span class='ocrx_word' id='word_1_236' title='bbox 1118 2921 1289 2997; x_wconf 88' lang='lat' dir='ltr'><strong>quibusque</strong></span> 
     </span>
     <span class='ocr_line' id='line_1_31' title="bbox 319 2998 1288 3079; baseline 0.007 -22"><span class='ocrx_word' id='word_1_237' title='bbox 319 2998 462 3058; x_wconf 89' lang='lat' dir='ltr'><strong>victorem</strong></span> <span class='ocrx_word' id='word_1_238' title='bbox 478 3000 643 3074; x_wconf 88' lang='lat' dir='ltr'><strong>exercitqm</strong></span> <span class='ocrx_word' id='word_1_239' title='bbox 659 3003 872 3062; x_wconf 84' lang='lat' dir='ltr'><strong>reducentibus</strong></span> <span class='ocrx_word' id='word_1_240' title='bbox 888 3003 972 3062; x_wconf 90' lang='lat' dir='ltr'><strong>curia</strong></span> <span class='ocrx_word' id='word_1_241' title='bbox 986 3009 1071 3063; x_wconf 89' lang='lat' dir='ltr'><strong>extra</strong></span> <span class='ocrx_word' id='word_1_242' title='bbox 1085 3020 1190 3064; x_wconf 91' lang='lat' dir='ltr'><strong>muros</strong></span> <span class='ocrx_word' id='word_1_243' title='bbox 1203 3020 1288 3079; x_wconf 87' lang='lat' dir='ltr'><strong>prae-</strong></span> 
     </span>
     <span class='ocr_line' id='line_1_32' title="bbox 318 3081 1288 3162; baseline 0.007 -23"><span class='ocrx_word' id='word_1_244' title='bbox 318 3081 454 3156; x_wconf 90' lang='lat' dir='ltr'><strong>beretur,</strong></span> <span class='ocrx_word' id='word_1_245' title='bbox 478 3100 558 3143; x_wconf 90' lang='lat' dir='ltr'><strong>nunc</strong></span> <span class='ocrx_word' id='word_1_246' title='bbox 580 3084 696 3144; x_wconf 92' lang='lat' dir='ltr'><strong>civibus</strong></span> <span class='ocrx_word' id='word_1_247' title='bbox 718 3087 818 3145; x_wconf 91' lang='lat' dir='ltr'><strong>caesis</strong></span> <span class='ocrx_word' id='word_1_248' title='bbox 841 3086 955 3160; x_wconf 85' lang='lat' dir='ltr'><strong>pertusi</strong></span> <span class='ocrx_word' id='word_1_249' title='bbox 971 3102 1079 3150; x_wconf 88' lang='lat' dir='ltr'><strong>cruore</strong></span> <span class='ocrx_word' id='word_1_250' title='bbox 1094 3095 1226 3162; x_wconf 83' lang='lat' dir='ltr'><strong>cognato</strong></span> <span class='ocrx_word' id='word_1_251' title='bbox 1242 3104 1288 3147; x_wconf 91' lang='lat' dir='ltr'><strong>ur·</strong></span> 
     </span>
    </p>

    <p class='ocr_par' dir='ltr' id='par_1_10' title="bbox 289 3164 1291 3491">
     <span class='ocr_line' id='line_1_33' title="bbox 289 3164 1287 3230; baseline 0.001 -1"><span class='ocrx_word' id='word_1_252' title='bbox 289 3164 386 3229; x_wconf 83' lang='lat' dir='ltr'><strong>bbem</strong></span> <span class='ocrx_word' id='word_1_253' title='bbox 408 3167 558 3227; x_wconf 87' lang='lat' dir='ltr'><strong>subrectis</strong></span> <span class='ocrx_word' id='word_1_254' title='bbox 579 3167 686 3227; x_wconf 90' lang='lat' dir='ltr'><strong>intrate</strong></span> <span class='ocrx_word' id='word_1_255' title='bbox 708 3170 836 3228; x_wconf 84' lang='lat' dir='ltr'><strong>vexillis.</strong></span> <span class='ocrx_word' id='word_1_256' title='bbox 873 3169 1068 3230; x_wconf 86' lang='lat' dir='ltr'><strong>Obmutescat</strong></span> <span class='ocrx_word' id='word_1_257' title='bbox 1087 3171 1166 3230; x_wconf 91' lang='lat' dir='ltr'><strong>inter</strong></span> <span class='ocrx_word' id='word_1_258' title='bbox 1185 3171 1287 3230; x_wconf 85' lang='lat' dir='ltr'><strong>mitita-</strong></span> 
     </span>
     <span class='ocr_line' id='line_1_34' title="bbox 317 3249 1289 3330; baseline 0.006 -23"><span class='ocrx_word' id='word_1_259' title='bbox 317 3249 362 3307; x_wconf 89' lang='lat' dir='ltr'><strong>ria</strong></span> <span class='ocrx_word' id='word_1_260' title='bbox 383 3250 470 3323; x_wconf 82' lang='lat' dir='ltr'><strong>signa</strong></span> <span class='ocrx_word' id='word_1_261' title='bbox 485 3252 607 3310; x_wconf 88' lang='lat' dir='ltr'><strong>libertas</strong></span> <span class='ocrx_word' id='word_1_262' title='bbox 623 3259 653 3310; x_wconf 90' lang='lat' dir='ltr'><strong>et</strong></span> <span class='ocrx_word' id='word_1_263' title='bbox 667 3252 716 3310; x_wconf 88' lang='lat' dir='ltr'><strong>ilie</strong></span> <span class='ocrx_word' id='word_1_264' title='bbox 733 3253 830 3312; x_wconf 91' lang='lat' dir='ltr'><strong>victor</strong></span> <span class='ocrx_word' id='word_1_265' title='bbox 844 3260 1031 3327; x_wconf 87' lang='lat' dir='ltr'><strong>pacatorque</strong></span> <span class='ocrx_word' id='word_1_266' title='bbox 1046 3253 1180 3327; x_wconf 79' lang='lat' dir='ltr'><strong>gentium</strong></span> <span class='ocrx_word' id='word_1_267' title='bbox 1194 3270 1289 3330; x_wconf 92' lang='lat' dir='ltr'><strong>popu·</strong></span> 
     </span>
     <span class='ocr_line' id='line_1_35' title="bbox 317 3332 1291 3412; baseline 0.004 -22"><span class='ocrx_word' id='word_1_268' title='bbox 317 3332 365 3391; x_wconf 91' lang='lat' dir='ltr'><strong>ius</strong></span> <span class='ocrx_word' id='word_1_269' title='bbox 387 3335 511 3393; x_wconf 90' lang='lat' dir='ltr'><strong>remotis</strong></span> <span class='ocrx_word' id='word_1_270' title='bbox 533 3337 640 3409; x_wconf 87' lang='lat' dir='ltr'><strong>procul</strong></span> <span class='ocrx_word' id='word_1_271' title='bbox 660 3334 763 3409; x_wconf 80' lang='lat' dir='ltr'><strong>battis,</strong></span> <span class='ocrx_word' id='word_1_272' title='bbox 789 3334 869 3394; x_wconf 90' lang='lat' dir='ltr'><strong>omni</strong></span> <span class='ocrx_word' id='word_1_273' title='bbox 893 3345 1008 3396; x_wconf 89' lang='lat' dir='ltr'><strong>terrore</strong></span> <span class='ocrx_word' id='word_1_274' title='bbox 1029 3351 1199 3412; x_wconf 88' lang='lat' dir='ltr'><strong>conpresso</strong></span> <span class='ocrx_word' id='word_1_275' title='bbox 1215 3336 1291 3398; x_wconf 81' lang='lat' dir='ltr'><strong>intro</strong></span> 
     </span>
     <span class='ocr_line' id='line_1_36' title="bbox 317 3417 978 3491; baseline 0.009 -19"><span class='ocrx_word' id='word_1_276' title='bbox 317 3431 421 3475; x_wconf 90' lang='lat' dir='ltr'><strong>muros</strong></span> <span class='ocrx_word' id='word_1_277' title='bbox 438 3417 587 3475; x_wconf 88' lang='lat' dir='ltr'><strong>obsessus</strong></span> <span class='ocrx_word' id='word_1_278' title='bbox 603 3419 720 3491; x_wconf 88' lang='lat' dir='ltr'><strong>aquilas</strong></span> <span class='ocrx_word' id='word_1_279' title='bbox 737 3435 810 3478; x_wconf 92' lang='lat' dir='ltr'><strong>suas</strong></span> <span class='ocrx_word' id='word_1_280' title='bbox 825 3419 978 3479; x_wconf 85' lang='lat' dir='ltr'><strong>horreat.“</strong></span> 
     </span>
    </p>

    <p class='ocr_par' dir='ltr' id='par_1_11' title="bbox 290 3499 1289 3745">
     <span class='ocr_line' id='line_1_37' title="bbox 290 3499 1289 3577; baseline 0.004 -20"><span class='ocrx_word' id='word_1_281' title='bbox 290 3506 304 3558; x_wconf 95' lang='lat'>1</span> <span class='ocrx_word' id='word_1_282' title='bbox 379 3499 457 3557; x_wconf 90' lang='lat' dir='ltr'>XVI.</span> <span class='ocrx_word' id='word_1_283' title='bbox 486 3500 625 3573; x_wconf 80' lang='lat' dir='ltr'><strong>ingratus</strong></span> <span class='ocrx_word' id='word_1_284' title='bbox 648 3509 695 3560; x_wconf 90' lang='lat' dir='ltr'><strong>est</strong></span> <span class='ocrx_word' id='word_1_285' title='bbox 715 3500 910 3562; x_wconf 81' lang='lat' dir='ltr'><strong>Coriolanus=</strong></span> <span class='ocrx_word' id='word_1_286' title='bbox 938 3519 1008 3563; x_wconf 89' lang='lat' dir='ltr'><strong>sero</strong></span> <span class='ocrx_word' id='word_1_287' title='bbox 1029 3511 1059 3563; x_wconf 88' lang='lat' dir='ltr'><strong>et</strong></span> <span class='ocrx_word' id='word_1_288' title='bbox 1080 3509 1150 3577; x_wconf 90' lang='lat' dir='ltr'><strong>post</strong></span> <span class='ocrx_word' id='word_1_289' title='bbox 1165 3499 1289 3563; x_wconf 79' lang='lat' dir='ltr'><strong>sceleris</strong></span> 
     </span>
     <span class='ocr_line' id='line_1_38' title="bbox 318 3582 1289 3661; baseline 0.006 -23"><span class='ocrx_word' id='word_1_290' title='bbox 318 3582 532 3655; x_wconf 88' lang='lat' dir='ltr'><strong>poenitentiam</strong></span> <span class='ocrx_word' id='word_1_291' title='bbox 553 3582 637 3656; x_wconf 74' lang='lat' dir='ltr'><strong>piuS,</strong></span> <span class='ocrx_word' id='word_1_292' title='bbox 661 3586 763 3657; x_wconf 91' lang='lat' dir='ltr'><strong>posuit</strong></span> <span class='ocrx_word' id='word_1_293' title='bbox 777 3602 873 3657; x_wconf 90' lang='lat' dir='ltr'><strong>arma,</strong></span> <span class='ocrx_word' id='word_1_294' title='bbox 896 3586 951 3645; x_wconf 88' lang='lat' dir='ltr'><strong>sed</strong></span> <span class='ocrx_word' id='word_1_295' title='bbox 967 3585 996 3644; x_wconf 92' lang='lat' dir='ltr'><strong>in</strong></span> <span class='ocrx_word' id='word_1_296' title='bbox 1012 3583 1113 3646; x_wconf 90' lang='lat' dir='ltr'><strong>medio</strong></span> <span class='ocrx_word' id='word_1_297' title='bbox 1128 3585 1289 3661; x_wconf 86' lang='lat' dir='ltr'><strong>parricidio</strong></span> 
     </span>
     <span class='ocr_line' id='line_1_39' title="bbox 318 3664 1289 3745; baseline 0.007 -24"><span class='ocrx_word' id='word_1_298' title='bbox 318 3664 429 3737; x_wconf 91' lang='lat' dir='ltr'><strong>posuit.</strong></span> <span class='ocrx_word' id='word_1_299' title='bbox 464 3666 601 3740; x_wconf 81' lang='lat' dir='ltr'><strong>ingratus</strong></span> <span class='ocrx_word' id='word_1_300' title='bbox 618 3666 758 3727; x_wconf 83' lang='lat' dir='ltr'><strong>Catilina:</strong></span> <span class='ocrx_word' id='word_1_301' title='bbox 786 3684 891 3743; x_wconf 88' lang='lat' dir='ltr'><strong>parum</strong></span> <span class='ocrx_word' id='word_1_302' title='bbox 907 3675 953 3728; x_wconf 93' lang='lat' dir='ltr'><strong>est</strong></span> <span class='ocrx_word' id='word_1_303' title='bbox 970 3669 1010 3728; x_wconf 90' lang='lat' dir='ltr'><strong>illi</strong></span> <span class='ocrx_word' id='word_1_304' title='bbox 1028 3684 1141 3744; x_wconf 86' lang='lat' dir='ltr'><strong>capere</strong></span> <span class='ocrx_word' id='word_1_305' title='bbox 1154 3670 1289 3745; x_wconf 86' lang='lat' dir='ltr'><strong>patriam,</strong></span> 
     </span>
    </p>
   </div>
   <div class='ocr_carea' id='block_1_3' title="bbox 0 0 1476 4384">
    <p class='ocr_par' dir='ltr' id='par_1_12' title="bbox 0 0 1476 4384">
     <span class='ocr_line' id='line_1_40' title="bbox 0 0 1476 4384; baseline 0 4"><span class='ocrx_word' id='word_1_306' title='bbox 0 0 1476 4384; x_wconf 95' lang='lat' dir='ltr'><strong> </strong></span> 
     </span>
    </p>
   </div>
  </div>
 </body>
</html>
