2942 4384
273 485 334 548 126
560 486 593 543 L.
613 482 759 543 ANNAEI
781 482 957 543 SENECAE

242 634 353 701 oomni
367 650 457 693 manu
473 634 540 692 tela.
579 634 651 692 Cum
666 631 696 691 in
711 632 791 691 huno
805 632 929 691 modum
945 634 1036 691 multa
1049 631 1191 707 undique
1205 634 1242 691 ia·

273 727 439 788 ctarentur,
464 732 543 790 quae
563 716 714 775 hominem
737 716 827 774 nimia
848 716 1057 775 aestimatIone
1079 717 1130 776 sui
1146 718 1242 776 luren-

249 856 252 862 .
273 812 330 862 tem
357 800 555 871 concitarent,
577 800 755 858 Demaratus
777 799 1036 858 Lacedaemonius
1053 801 1142 858 solus
1158 800 1242 858 dixit:

271 885 372 960 ipsam
393 884 472 942 illam
489 899 548 954 qua
564 881 622 940 sibi
636 883 769 956 placeret
785 881 1003 941 multitudinem
1020 881 1205 956 indigestam
1217 889 1243 941 et
1270 877 1272 884 '

272 982 395 1043 gravem
410 966 599 1023 metuendam
617 981 687 1023 esse
702 964 838 1023 ducenti:
860 980 920 1024 non
937 966 1015 1023 enim
1027 966 1112 1024 vires
1124 966 1242 1038 habere,

273 1052 328 1125 sed
350 1050 481 1123 pondus.
511 1047 663 1107 inmodica
678 1064 840 1121 numquam
857 1048 921 1121 regi
938 1063 1032 1121 posse
1050 1063 1108 1107 nec
1125 1050 1178 1108 diu
1191 1037 1242 1107 ‘du-

244 1146 356 1203 5rare,
374 1132 520 1206 quicquid
533 1132 597 1205 regi
613 1149 672 1191 non
690 1139 800 1205 potest.
823 1132 876 1203 „ln
891 1132 1001 1205 primo,
1016 1131 1131 1206 inquit,
1148 1132 1242 1191 statim

273 1224 374 1276 monte
388 1216 526 1274 Lacones
542 1216 652 1273 obiecti
667 1216 781 1273 dalaunt
796 1214 844 1272 sui
856 1214 1107 1288 experimentum.
1134 1216 1244 1274 totista

272 1300 405 1374 gentium
418 1298 498 1357 milia
511 1299 658 1371 [trecenti]
671 1298 877 1357 morabuntur.
900 1298 1067 1357 haerebunt
1077 1298 1108 1356 in
1117 1298 1242 1371 vestigio

273 1385 324 1443 fixi
344 1389 373 1441 et
393 1381 573 1443 commissas
597 1382 654 1440 sibi
669 1382 826 1454 angustias
842 1382 1003 1440 tuebuntur
1018 1388 1048 1440 et
1063 1380 1242 1455 corporibus

274 1468 439 1527 obstruent.
461 1473 524 1525 tota
538 1467 606 1524 illos
620 1466 696 1523 Asia
710 1481 771 1523 non
786 1466 920 1525 movebit
935 1468 1012 1523 loco.
1036 1470 1137 1523 tantas
1149 1464 1243 1522 minas
1282 1485 1285 1492 ¹

272 1552 343 1609 belli
355 1557 384 1607 et
398 1564 495 1622 paene
512 1550 602 1608 totius
619 1548 739 1621 generis
755 1547 877 1607 humani
891 1548 1004 1606 ruentis
1019 1547 1158 1621 inpetum
1172 1563 1242 1621 pau-

244 1632 386 1694 ficissimi
402 1634 517 1690 sistent.
551 1631 624 1690 Cum
639 1638 667 1688 te
682 1633 803 1691 mutatis
818 1631 936 1704 legibus
951 1631 1016 1689 suis
1028 1637 1138 1689 natura
1149 1638 1243 1689 trans-

274 1716 400 1787 miserit,
424 1715 453 1772 in
476 1715 582 1772 semita
603 1714 743 1772 haerebis
766 1723 795 1773 et
815 1714 989 1773 aestimabis
1008 1715 1109 1773 lutura
1124 1712 1242 1784 damna,

274 1815 341 1857 cum
363 1796 577 1871 conputaveris
600 1798 703 1871 quanti
729 1798 999 1875 Thermopylarum
1022 1803 1154 1871 angusta
1174 1811 1243 1856 con-

275 1882 415 1939 stiterint:
444 1881 524 1939 scies
545 1887 574 1938 te
596 1882 692 1954 iugari
716 1896 824 1954 posse,
845 1897 913 1939 eum
935 1880 1042 1939 scieris
1065 1895 1161 1953 posse
1177 1881 1242 1939 reti-

245 1966 346 2027 tneri.
383 1964 497 2023 Cedent
520 1965 641 2038 quidem
667 1964 719 2023 tibi
743 1965 877 2037 pluribus
903 1965 980 2023 locis
1002 1966 1082 2022 velut
1103 1965 1243 2022 torrentis

273 2049 364 2107 modo
380 2048 485 2120 ablati,
510 2047 595 2107 cuius
612 2063 804 2121 cummagno
821 2054 935 2106 terrore
951 2048 1046 2121 prima
1061 2046 1107 2105 vis
1124 2044 1243 2104 defluit:

274 2132 384 2190 deinde
405 2133 475 2190 hinc
490 2139 581 2205 atque
597 2132 677 2190 illinc
694 2130 867 2190 coorientur
882 2133 912 2190 'et
926 2131 985 2189 tuis
1000 2137 1030 2189 tc
1045 2128 1162 2188 viribus
1179 2145 1243 2203 pre-

211 2231 218 2242 ‘
244 2223 362 2277 8ment.
384 2216 499 2273 Verum
515 2225 569 2287 est,
589 2216 670 2288 quod
687 2214 803 2286 dicitur,
820 2214 964 2272 maiorem
978 2214 1049 2271 belli
1065 2212 1244 2287 adparatum

274 2313 359 2369 esse,
379 2313 469 2370 quam
486 2298 536 2371 qui
552 2299 644 2371 recipi
662 2298 699 2355 ab
715 2297 763 2355 his
779 2299 955 2371 regionibus
971 2296 1080 2371 possit,
1097 2313 1180 2370 quas
1193 2296 1243 2356 ob

275 2396 411 2454 pugnare
428 2380 600 2439 constituis:
624 2382 678 2439 sed
696 2381 772 2439 haee
786 2397 837 2440 res
852 2390 959 2440 contra
973 2396 1030 2439 nos
1045 2388 1101 2439 est.
1131 2380 1172 2439 ob
1187 2381 1245 2439 hoc

273 2464 374 2537 ipsum
395 2469 424 2521 te
440 2463 567 2522 Graecia
581 2464 694 2537 vincet,
719 2465 791 2538 quia
812 2481 872 2523 non
887 2463 982 2537 capit:
1002 2463 1044 2522 uti
1060 2469 1124 2522 toto
1139 2469 1170 2521 te
1185 2479 1244 2523 non

245 2555 262 2608 9
274 2554 372 2621 potes.
408 2546 583 2619 Praeterea,
606 2561 684 2621 quac
704 2562 765 2607 una
785 2548 877 2606 rebus
899 2549 983 2606 salus
999 2553 1059 2618 est,
1083 2560 1245 2605 occurrere

273 2632 312 2689 ad
328 2630 442 2703 primos
457 2646 558 2689 rerum
573 2630 695 2704 inpetus
711 2638 741 2689 ct
754 2631 904 2690 inclinatis
920 2646 1009 2704 opem
1026 2631 1105 2687 serre
1116 2645 1178 2687 non
1194 2645 1246 2703 po·

273 2715 345 2774 teris
360 2730 416 2773 neo
433 2715 538 2772 fulcire
553 2730 589 2773 ac
605 2716 724 2772 firmare
740 2714 881 2772 labentia.
909 2716 1001 2772 multo
1018 2720 1087 2772 ante
1102 2712 1244 2783 vinceris,

233 2806 364 2870 loquum
380 2797 491 2855 victum
508 2814 579 2856 esse
595 2804 623 2855 te
639 2798 763 2855 sentias.
799 2796 936 2856 Ceterum
952 2812 1013 2855 non
1030 2803 1078 2854 est
1094 2795 1180 2869 quod
1195 2811 1245 2854 ex·

274 2878 398 2937 ercitum
420 2886 502 2937 tuum
524 2879 563 2937 ob
586 2880 644 2939 hoc
665 2880 808 2938 sustineri
830 2889 920 2953 putes
946 2896 1006 2939 non
1033 2894 1144 2952 posse,
1176 2878 1247 2951 quia

259 2976 418 3019 numerus
430 2962 496 3019 eius
509 2963 578 3020 duci
591 2978 714 3037 quoque
726 2964 847 3036 ignotus
860 2971 923 3023 est:
946 2962 1018 3022 nibil
1030 2969 1091 3021 tam
1104 2978 1246 3037 magnum

274 3051 322 3103 est
338 3042 421 3124 quod
437 3044 535 3117 perire
551 3062 611 3104 non
629 3046 742 3121 possit,
766 3047 813 3105 cui
829 3045 964 3106 nascitur
975 3045 1004 3104 in
1018 3045 1199 3120 perniciem,
1215 3052 1248 3104 ut

233 3130 332 3190 ltalia
353 3128 526 3203 quiescant,
549 3146 587 3187 ex
606 3129 675 3204 ipsu
695 3131 903 3203 magnitudine
926 3147 982 3190 sua
997 3134 1124 3189 causa.“
1158 3127 1246 3187 Acci-

274 3214 383 3271 derunt
405 3228 483 3285 <puae
505 3213 697 3273 Demaratus.
711 3213 920 3287 praedixerat:
949 3213 1052 3272 divina
1073 3220 1166 3286 atque
1193 3212 1246 3270 bu—

273 3313 362 3356 mana
382 3296 575 3369 inpellentetn
596 3304 625 3356 ct
645 3305 808 3357 mutantem
831 3297 977 3370 quicquid
996 3296 1168 3367 obstiterat,
1190 3302 1246 3352 tre·

274 3379 353 3439 centi
370 3387 450 3438 stare
466 3380 634 3452 iusserunt,
658 3388 833 3453 stratusque
849 3396 904 3454 per
920 3377 1141 3452 totampassim
1155 3379 1246 3437 Grae-

274 3464 352 3520 ciam
366 3463 484 3521 Xerxes
503 3463 664 3534 intellexit,
688 3471 832 3537 quantum
847 3463 886 3522 ab
900 3464 1036 3521 exercitu
1052 3462 1141 3521 turba
1155 3462 1246 3519 dista·

273 3553 328 3604 ret.
364 3546 469 3617 ltaque
485 3544 602 3603 Xerxes
621 3546 739 3619 pudore
755 3542 844 3619 quam
861 3547 971 3605 damno
987 3545 1128 3605 miserior
1137 3542 1247 3603 Dema·

275 3636 339 3685 rato
355 3628 467 3701 gratias
484 3630 558 3701 egit,
582 3631 664 3701 quod
680 3631 766 3690 solus
783 3630 839 3689 sibi
856 3645 959 3688 verum
975 3628 1118 3700 dixisset,
1136 3634 1167 3687 et
1179 3642 1246 3702 per-

234 3709 353 3769 limisit
372 3718 475 3784 petere
491 3711 573 3785 quod
594 3714 690 3772 vellet.
726 3712 814 3773 Petiit
828 3714 877 3772 ille
892 3722 925 3772 ut
940 3712 1063 3788 Sardis,
1084 3712 1246 3772 maximam
