2942 4384
308 467 372 533 ³00
578 466 612 527 L.
633 461 780 525 ΑΝΝΑΕΙ
803 462 977 541 SENECAE

280 631 295 682 1
368 622 407 682 V.
428 619 655 700 Utaproximis
669 619 835 684 mendaciis
847 619 1003 698 incipiam,
1018 620 1128 682 salsum
1139 626 1188 681 est
1200 620 1283 681 iaces

309 715 339 768 et
358 707 459 767 trabes
479 708 598 768 turbine
620 707 759 782 exprimi.
787 708 876 766 turbo
897 708 975 765 enim
997 707 1077 765 circa
1097 714 1196 765 terras
1210 720 1283 765 con·

310 792 418 866 cipitur
437 797 468 849 et
488 792 581 851 fertur
598 790 731 865 ideoque
746 790 868 849 arbusta
882 791 1027 849 radicitus
1042 790 1125 850 vellit
1140 796 1184 861 et,
1208 806 1281 863 qua·

309 890 441 949 cumque
460 875 608 947 incubuit,
636 877 734 933 solum
756 874 864 947 nudat,
894 874 989 933 silvas
1010 872 1128 932 interim
1150 880 1180 932 et
1203 878 1285 932 tecta

309 959 495 1031 corripiens,
518 959 642 1018 interior
657 959 719 1016 lere
731 957 877 1029 nubibus,
891 956 1172 1031 utiquenumquam
1183 957 1283 1016 altior.

310 1050 340 1101 at
354 1048 460 1101 contra
473 1042 575 1102 trabes
591 1042 699 1101 editior
714 1058 787 1115 pars
803 1041 879 1101 coeli
895 1048 1041 1100 ostentat:
1063 1041 1103 1099 ita
1119 1056 1284 1114 numquam

280 1124 440 1184 tnuhihus
457 1124 646 1186 obstiterunt.
678 1124 839 1183 Praeterea
853 1124 941 1184 turbo
958 1124 1038 1183 omni
1052 1123 1133 1183 nube
1146 1124 1283 1183 velocius

308 1208 425 1282 rapitur
445 1215 475 1267 et
493 1208 523 1267 in
546 1208 649 1267 orbem
663 1210 796 1267 vertitur.
826 1223 919 1283 super
938 1208 997 1266 ista
1013 1207 1158 1265 velociter
1173 1206 1284 1266 desinit

309 1298 338 1351 et
357 1293 424 1365 ipse
447 1307 481 1351 se
501 1293 532 1350 vi
547 1309 603 1352 sua
617 1292 737 1365 rumpit.
766 1291 868 1350 trabes
883 1300 982 1351 autem
998 1306 1057 1349 non
1073 1297 1284 1351 transcurrunt

307 1390 365 1434 nee
382 1376 607 1449 praetervolant
621 1383 654 1434 ut
668 1376 767 1447 laces,
784 1375 841 1434 sed
857 1381 1073 1435 commorantur
1087 1380 1117 1433 et
1132 1372 1162 1431 in
1174 1374 1282 1433 eadem

280 1453 387 1518 seneli
407 1466 493 1533 parte
514 1460 684 1518 conlucent.
723 1458 928 1517 Charmander
949 1473 1073 1532 quoque
1094 1457 1122 1514 in
1140 1472 1178 1515 eo
1195 1458 1281 1530 libro,

310 1557 400 1615 quem
413 1542 452 1600 de
464 1543 590 1601 cometis
603 1540 773 1615 conposuit,
790 1542 830 1600 ait
843 1542 1045 1615 Anaxagorae
1056 1541 1155 1598 visum
1167 1542 1283 1614 grande

308 1623 524 1700 insolitumque
544 1626 631 1684 coelo
647 1627 749 1683 lumen
765 1625 971 1697 magnitudine
986 1625 1104 1698 amplae
1121 1622 1227 1682 trabis
1254 1631 1283 1683 et

308 1708 339 1767 id
360 1711 538 1791 permultos
554 1708 620 1767 dies
637 1708 761 1766 fulsisse
777 1706 976 1767 Callisthenes
991 1709 1094 1778 tradit,
1118 1714 1282 1782 antequam

279 1791 400 1849 lBurin
421 1797 451 1849 et
470 1791 593 1849 Helicen
616 1803 698 1849 mare
720 1790 932 1851 absconderet.
968 1792 1149 1850 Aristoteles
1165 1792 1208 1851 ait
1223 1808 1281 1851 non

307 1873 423 1933 trabem
444 1873 538 1948 illam,
563 1874 619 1933 sed
642 1881 780 1933 cometen
800 1874 914 1933 tuisse=
944 1881 1078 1935 ceterum
1098 1875 1139 1933 oh
1157 1872 1281 1933 nimium

307 1958 448 2017 ardorem
464 1974 524 2018 non
540 1958 721 2032 adparuisse
736 1969 877 2031 sparsum
893 1958 1007 2031 ignem,
1024 1957 1080 2016 sed
1097 1958 1281 2031 procedente

308 2048 460 2114 tempore,
484 2058 552 2101 cum
571 2042 630 2100 iam
652 2042 751 2100 minus
773 2040 931 2114 flagraret,
950 2042 1098 2100 redditam
1121 2056 1209 2099 suam
1231 2058 1280 2101 co

308 2132 406 2183 metae
428 2124 544 2184 faciem.
580 2125 612 2182 ln
635 2140 695 2198 quo
723 2123 793 2197 igne
811 2123 909 2182 multa
930 2124 1053 2199 quidem
1079 2124 1164 2183 luere
1190 2124 1282 2197 digna

310 2224 388 2281 quae
410 2214 599 2280 notarentur,
622 2208 695 2266 nihil
709 2216 808 2267 tamen
822 2207 934 2281 magis,
959 2223 1047 2281 quam
1064 2208 1162 2281 quod,
1185 2216 1219 2267 ut
1232 2208 1281 2267 ille

308 2291 391 2349 fulsit
410 2291 438 2348 in
461 2292 562 2361 coelo,
587 2292 684 2351 statim
706 2307 802 2364 supra
821 2290 914 2350 Burin
930 2297 960 2349 et
974 2291 1097 2349 Helicen
1114 2305 1199 2349 inore
1218 2290 1280 2349 luit.

279 2373 460 2446 sNumquid
481 2388 553 2446 ergo
575 2373 757 2432 Aristoteles
778 2389 840 2431 non
855 2375 935 2432 illam
951 2380 1079 2445 tantum,
1102 2374 1156 2433 sed
1174 2389 1280 2434 omnes

298 2456 409 2516 trahes
435 2464 663 2516 cometasesse
686 2458 843 2527 credebat,
867 2456 946 2515 hanc
967 2457 1116 2516 hahentes
1137 2456 1279 2516 differen-

306 2540 393 2611 tiam,
410 2541 493 2613 quod
508 2540 554 2599 his
569 2540 729 2600 continuus
747 2540 824 2613 ignis
840 2547 900 2611 est,
919 2540 1027 2600 ceteris
1044 2546 1195 2614 sparsus?
1221 2548 1279 2599 tra·

306 2624 361 2683 bes
378 2624 456 2682 enim
472 2622 623 2683 flanamam
639 2625 797 2699 aequalem
812 2624 924 2682 hahent
938 2640 994 2682 uec
1008 2622 1175 2683 ullomodo
1190 2624 1280 2683 inter·

306 2707 430 2766 missam
446 2715 497 2766 aut
512 2708 698 2781 languidam,
721 2708 750 2764 in
767 2706 879 2765 ultimis
893 2722 965 2766 vero
981 2707 1119 2780 partibus
1132 2716 1278 2779 coactam,

308 2792 427 2863 qualem
449 2770 546 2851 luisse
567 2792 596 2849 in
617 2790 683 2863 illa,
706 2790 745 2848 de
766 2790 933 2866 quamodo
949 2790 1052 2862 retuli,
1077 2788 1279 2850 Callisthenes

305 2874 404 2931 tradit.

277 2963 292 3013 l
366 2955 417 3012 VI.
440 2956 561 3028 „Duo,
585 2955 937 3031 inquitEpigenes,
961 2964 1193 3017 cometarum
1213 2972 1277 3030 ge·

306 3053 397 3096 nera
416 3046 522 3098 sunt:
551 3038 600 3097 alii
623 3041 763 3098 ardorem
780 3041 916 3115 undique
932 3040 1091 3100 effundunt
1104 3056 1162 3099 nec
1177 3042 1278 3100 locum

305 3128 428 3181 mutant.
452 3122 500 3181 alii
517 3122 545 3180 in
561 3139 651 3182 unam
669 3131 784 3196 partem
800 3123 900 3198 ignem
914 3140 1025 3197 vagum
1040 3123 1069 3182 in
1086 3124 1211 3182 modum
1227 3139 1277 3184 co·

305 3221 372 3263 mae
388 3207 544 3280 porrigunt
559 3213 588 3265 et
602 3210 705 3266 stellas
722 3215 956 3282 praetermeant,
972 3209 1094 3281 (quales
1106 3208 1168 3266 duo
1179 3213 1278 3265 aetate

304 3295 410 3347 nostra
430 3289 486 3349 visi
507 3294 601 3360 sunt.)
640 3291 683 3348 llll
705 3292 823 3365 priores
843 3291 941 3350 criniti
961 3290 1097 3363 undique
1118 3297 1148 3349 et
1173 3290 1278 3349 inmoti

303 3370 433 3431 humiles
454 3375 517 3431 lere
538 3381 609 3433 sunt
629 3381 658 3431 et
678 3373 775 3433 isdem
791 3375 908 3445 causis,
932 3372 1043 3449 quihus
1058 3374 1161 3434 trabes
1179 3374 1278 3431 laces·

306 3471 381 3529 que,
404 3455 584 3528 conflantur,
601 3472 638 3514 ex
654 3453 831 3529 inter'nperie
847 3456 926 3516 airis
941 3456 1053 3517 turhidi
1065 3458 1158 3516 multa
1171 3471 1278 3515 secum

275 3538 388 3597 aarida
409 3538 594 3615 humidaque
614 3539 701 3598 terris
724 3540 864 3599 exhalata
885 3540 1046 3599 versantis.
1075 3545 1179 3613 potest
1196 3539 1276 3598 enim

303 3621 428 3693 spiritus
449 3639 505 3695 per
527 3629 655 3696 angusta
677 3624 772 3682 elisus
793 3623 961 3683 accendere
982 3639 1076 3697 supra
1091 3638 1126 3682 se
1141 3621 1277 3697 positum

301 3706 388 3780 atra,
409 3705 535 3781 plenum
555 3704 705 3765 alimentis
725 3706 844 3768 idoneis
864 3704 941 3782 igni,
969 3706 1080 3766 deinde
1100 3706 1277 3781 propellere
