2942 4384
384 458 858 533 nxrua.ouaasr.nru.111.
881 469 924 523 ae.
938 469 981 525 ar.
1109 462 1171 525 231

199 614 270 673 dam
284 612 361 672 locis
378 613 477 672 sontes
493 613 621 686 iaciunt,
644 619 677 672 ut.
691 627 751 671 non
769 621 881 672 tantum
896 615 1003 685 lutum,
1027 615 1082 672 sed
1101 616 1173 675 lolia

197 704 357 770 testesque
378 702 408 755 et
424 694 567 770 quicquid
588 703 673 770 putre
690 696 782 756 iacuit
799 698 961 771 expellant.
991 696 1104 771 ubique
1120 715 1172 757 au-

198 788 260 839 tem
281 779 353 838 iacit
375 794 473 852 mare,
497 778 583 838 cuius
605 778 681 838 haec
699 788 806 839 natura
820 787 881 852 est,
904 788 937 839 ut
951 796 1040 838 omne
1055 782 1171 839 inmun-

201 865 273 922 dum
294 870 565 935 stercorosumque
585 863 721 922 litoribus
747 863 892 937 inpingat.
927 865 1077 937 quaedam
1098 880 1171 923 vero

200 952 304 1021 partes
327 946 419 1003 maris
439 944 470 1003 id
492 945 582 1004 certis
598 946 785 1019 temporibus
801 947 929 1019 faciunt,
950 955 983 1006 ut
998 948 1078 1006 circa
1092 946 1172 1006 Mes-

200 1045 308 1088 sanam
328 1034 358 1087 et
377 1027 477 1104 Mylas
504 1028 575 1087 simo
597 1029 742 1103 quiddam
766 1030 864 1088 simile
888 1030 1065 1089 turbulentis
1088 1034 1173 1104 aquis

198 1127 282 1171 mare
298 1113 414 1184 profert
429 1113 586 1185 servetque
598 1120 627 1171 et
638 1119 797 1173 exaestuat
809 1129 870 1172 non
883 1114 949 1171 sine
962 1114 1058 1174 odore
1071 1114 1172 1173 loedo.

198 1195 281 1273 unde
301 1194 362 1254 illie
382 1194 527 1253 stabulari
544 1196 641 1254 boves
658 1195 739 1254 Solis
755 1196 856 1255 sabula
871 1204 926 1255 est.
963 1197 1025 1255 Sed
1041 1198 1201 1257 difficilis&

197 1278 275 1338 ratio
291 1284 337 1336 est
355 1278 570 1353 quorumdam,
592 1278 696 1353 utique
711 1279 763 1337 ubi
774 1287 895 1353 tempus
907 1280 973 1338 eius
985 1279 1043 1352 rei,
1060 1281 1098 1338 de
1112 1297 1173 1353 qua

200 1361 365 1437 quaeritur,
382 1360 607 1420 inobservatum
622 1364 669 1420 vel
681 1362 827 1420 incertum
840 1370 895 1421 est.
920 1363 1022 1435 itaque
1033 1364 1173 1436 proxima

199 1444 324 1519 quidem
347 1444 473 1503 inveniri
499 1460 593 1503 causa
618 1452 647 1504 et
671 1444 773 1509 vicina
800 1461 862 1503 non
892 1452 1001 1519 potest.
1039 1453 1173 1505 ceterum

199 1526 324 1602 publiea
342 1534 390 1587 est
406 1526 470 1586 illa:
500 1527 598 1587 omnis
615 1544 762 1601 aquarum
781 1528 921 1588 stantium
938 1529 1173 1603 clauseruntque

198 1618 306 1671 natura
327 1626 361 1669 se
384 1617 501 1684 purgat.
528 1616 611 1681 (nam
633 1612 663 1669 iu
682 1611 746 1684 his,
771 1612 882 1686 quibus
898 1628 1008 1671 cursus
1027 1619 1088 1685 est,
1112 1629 1172 1672 non

199 1701 331 1768 possunt
350 1693 422 1753 vitia
444 1694 628 1767 consistere,
652 1710 729 1768 quae
751 1697 888 1754 secunda
902 1696 947 1753 vis
964 1695 1061 1754 desert
1075 1702 1106 1753 et
1119 1711 1172 1753 ex-

196 1780 324 1851 portat.)
343 1776 427 1850 illae,
450 1793 528 1850 quae
544 1794 605 1836 non
620 1779 758 1837 emittunt
774 1778 920 1853 quicquid
934 1780 1060 1851 insedit,
1076 1780 1171 1853 magis

196 1860 339 1935 minusve
359 1866 508 1919 aestuant.
543 1860 627 1919 Mare
647 1877 721 1921 vero
739 1863 890 1920 cadavera
904 1869 1128 1936 stramentaque
1143 1871 1173 1921 et

196 1944 415 2015 naufragorum
437 1944 555 2017 reliqua
577 1943 685 2003 similia
707 1960 746 2002 ex
761 1944 863 2003 intimo
881 1944 971 2002 trahit
984 1961 1041 2003 nec
1058 1953 1172 2003 tantum

196 2033 378 2101 tempestate
408 2026 578 2101 fluctuque,
613 2028 669 2087 sed
698 2026 894 2102 tranquillum
926 2043 1050 2101 quoque
1079 2028 1172 2101 placi-

196 2112 333 2184 dumque
351 2117 504 2184 purgatur.

258 2192 1196 2269 XXVll.Sedmonetmelocus,utquaeram,euml

195 2275 335 2335 letalis
364 2276 448 2336 dies
479 2277 620 2337 diluvii
650 2278 820 2351 venerit,
856 2278 1172 2353 quemadmodum

195 2374 333 2433 magna
358 2375 447 2433 pars
475 2367 661 2420 terrarum
688 2363 804 2422 undis
830 2362 1037 2421 obruatur:
1074 2369 1172 2421 utrum

195 2442 307 2503 oceani
324 2443 439 2501 viribus
457 2443 509 2502 fiat
526 2452 555 2503 et
573 2452 737 2504 extremum
759 2445 788 2503 in
806 2460 863 2503 nos
876 2447 1003 2519 pelagus
1017 2453 1170 2517 exsurgat,

195 2543 234 2585 an
244 2525 314 2584 sine
323 2526 545 2586 intermissione
554 2528 666 2587 imbres
675 2536 704 2587 et
712 2528 788 2586 elisa
797 2535 913 2587 aestate
923 2529 1020 2587 hiems
1033 2529 1172 2601 pertinax

195 2611 368 2668 inmensam
381 2608 443 2668 vim
457 2626 603 2685 aquarum
617 2612 715 2685 ruptis
730 2612 863 2670 nubibus
878 2609 980 2683 eiciat,
996 2628 1033 2669 an
1047 2610 1172 2668 flumina

195 2692 287 2753 tellus
302 2692 416 2765 largius
431 2692 536 2752 tundat
550 2694 728 2768 aperiatque
745 2696 845 2754 fontes
860 2710 975 2765 novos,
994 2701 1045 2752 aut
1060 2692 1173 2752 nonsit

195 2791 259 2835 una
273 2781 356 2834 tanto
371 2778 450 2835 malo
467 2792 576 2849 causa,
593 2778 649 2836 sed
664 2779 762 2837 omnis
774 2778 850 2836 ratio
863 2778 1033 2836 consentiat
1044 2783 1073 2834 et
1084 2776 1172 2834 simul

197 2858 312 2916 imbres
334 2859 457 2933 cadant,
486 2858 610 2918 flumina
630 2861 816 2932 increscant,
845 2862 940 2919 maria
963 2861 1088 2919 sedibus
1107 2860 1171 2919 suis

196 2940 299 3000 excita
310 2948 488 3015 percurrant
501 2950 531 3001 et
546 2943 648 3001 omnia
660 2944 779 3017 agmine
791 2961 851 3004 urio
862 2944 902 3002 ad
915 2945 1037 3004 exitium
1049 2944 1172 3003 humani

196 3024 322 3097 generis
342 3024 525 3085 incumbant.
567 3028 611 3085 Ita
633 3035 688 3086 est.
723 3027 796 3086 nihil
818 3027 940 3086 difficile
966 3037 1091 3087 naturae
1116 3034 1200 3100 esta

198 3107 304 3180 utique
326 3107 378 3166 ubi
399 3108 427 3166 in
445 3108 536 3167 finem
553 3126 642 3168 suum
657 3118 811 3184 properat.
845 3110 895 3167 Ad
911 3110 1056 3182 originem
1071 3126 1173 3169 rerum

198 3205 293 3264 parce
314 3188 405 3250 utitur
426 3192 540 3250 viribus
562 3193 784 3266 dispensatque
805 3206 840 3249 se
857 3189 1050 3249 incrementis
1068 3193 1173 3248 iallen-

197 3273 296 3332 tibus=
319 3273 418 3333 subito
440 3275 477 3332 ad
498 3276 614 3334 ruinam
636 3282 699 3334 toto
719 3275 824 3347 inpetu
845 3272 935 3331 venit.
971 3273 1065 3345 Quam
1080 3274 1171 3344 longo

196 3364 337 3430 tempore
358 3370 436 3430 opus
452 3365 512 3429 est,
535 3365 568 3418 ut
583 3364 749 3431 conceptus
765 3356 804 3415 ad
820 3356 1012 3430 puerperium
1029 3356 1173 3429 perduret

197 3440 321 3498 inians?
344 3441 464 3513 quantis
480 3441 634 3501 laboribus
648 3448 734 3499 tener
745 3440 911 3499 educatur?
933 3456 1024 3513 quam
1036 3437 1171 3509 diligenti

198 3522 381 3581 nutrimento
409 3523 573 3583 obnoxium
604 3524 771 3583 novissime
796 3539 908 3597 corpus
940 3522 1111 3581 adolescit?
1141 3528 1172 3580 at

198 3621 290 3680 quam
306 3607 388 3665 nullo
401 3606 522 3680 negotio
535 3608 683 3666 solvitur?
703 3607 803 3667 Urbes
815 3606 1079 3674 constituendae,
1095 3603 1173 3663 hora

199 3687 351 3751 dissolvit
392 3689 544 3751 Momento
564 3691 598 3751 fit
618 3691 710 3767 cinis,
739 3691 792 3751 diu
813 3692 899 3756 silva.
940 3688 1051 3763 Magna
1078 3688 1172 3748 tutela
