2942 4384
324 373 364 437 lu
596 371 629 430 L.
650 368 797 429 nnnnnt
818 367 992 429 SENECAE

320 523 458 588 moverit.
500 523 571 583 huic
593 523 725 597 ingrato,
754 523 806 596 qui
826 522 1042 581 beneficiorum
1070 520 1230 582 fraudator
1247 527 1288 582 est

320 612 392 669 etin
409 609 487 666 hanc
502 614 617 681 portem
633 606 795 679 procubuit
809 606 925 676 auimo,
944 621 1004 663 non
1026 605 1125 677 magis
1147 605 1233 665 dabit
1243 604 1286 664 be

319 693 459 752 nelioium
483 706 572 763 quam
597 691 655 761 [de]
674 689 788 748 coeteri
806 688 964 761 pecuniam
981 688 1076 746 credit
1098 695 1151 747 aut
1173 687 1286 763 deposi-
1325 691 1327 696 '

318 785 381 836 tum
399 773 563 833 committet
577 773 618 845 ei,
635 772 687 845 qui
702 771 761 829 iam
779 772 915 843 pluribus
931 771 1102 843 abnegavit.

288 861 301 911 1
380 856 500 917 XXVII.
523 856 657 913 Timidus
680 854 789 913 dicitur
810 855 936 927 aliquiS,
957 854 1028 926 quia
1049 854 1161 913 stultus
1184 862 1244 915 est=
1264 859 1289 913 el

318 941 378 999 hoo
395 941 491 997 malos
507 939 658 1010 sequitur,
675 954 753 1010 quos
769 937 934 995 indiscreta
948 944 977 995 et
992 936 1137 995 universa
1152 937 1227 996 vitia
1240 937 1288 996 oir-
1321 935 1333 1014 ³:

319 1029 477 1083 cumstant.
505 1021 614 1080 dicitur
632 1020 754 1079 timidus
771 1020 894 1093 proprie
908 1027 1015 1078 natura
1030 1019 1120 1078 etiam
1135 1020 1177 1079 ad
1192 1021 1289 1088 inanes

320 1121 415 1164 sonos
442 1104 581 1177 pavidus.
616 1102 730 1161 Stultus
757 1104 858 1162 omnia
881 1101 952 1161 vitiu
971 1102 1076 1174 habet,
1104 1103 1163 1161 sed
1184 1119 1243 1163 nou
1263 1102 1290 1160 iu

320 1188 421 1247 omnia
435 1193 541 1245 natura
557 1202 672 1260 pronus
689 1194 751 1245 est:
778 1187 854 1244 alius
872 1185 902 1243 in
918 1186 1088 1257 avaritiam,
1110 1186 1193 1246 alius
1207 1187 1237 1245 in
1251 1187 1290 1245 lu·

289 1272 451 1340 uxoriam,
480 1271 557 1328 alius
586 1270 616 1326 in
639 1270 833 1342 petulantiam
854 1268 1024 1327 inclinatur.
1061 1268 1170 1341 Itaque
1195 1275 1290 1328 errant

320 1354 379 1424 illi,
396 1353 448 1427 qui
463 1354 648 1425 interrogant
663 1351 798 1412 Stoicos:
813 1353 886 1425 quid
902 1359 997 1423 ergo?
1019 1351 1157 1410 Achilles
1175 1352 1291 1411 timidos

321 1444 388 1496 est?
416 1437 489 1508 quid
505 1442 599 1507 ergo?
627 1436 796 1506 Aristides,
815 1436 862 1493 cui
879 1435 992 1493 iustitia
1007 1449 1116 1492 nomen
1132 1434 1233 1508 dedit,
1252 1435 1292 1492 iu·

320 1519 419 1578 iustus
441 1524 508 1576 est?
540 1518 613 1591 quid
631 1524 726 1590 ergo?
751 1525 781 1576 et
794 1518 907 1576 Fabius
925 1518 976 1590 qui
992 1518 1195 1589 „cunctando
1210 1517 1293 1576 resti·

320 1603 375 1661 tuit
393 1606 476 1660 rem“
492 1600 671 1659 teluerarius
686 1607 754 1659 estt
777 1602 849 1675 quid
868 1607 963 1672 ergot
990 1600 1103 1659 Decius
1118 1606 1248 1660 mortem
1263 1599 1293 1659 ti-

320 1691 401 1743 met?
423 1683 540 1743 Mucius
557 1684 694 1757 proditor
714 1689 783 1742 est‘l
809 1684 951 1742 Caruilius
968 1684 1128 1743 desertori
1155 1684 1223 1742 Non
1239 1683 1293 1742 hoo

321 1767 466 1836 dicimus,
489 1766 534 1825 sic
554 1767 655 1825 omnia
674 1766 748 1824 vitia
768 1782 840 1832 esse
861 1767 891 1824 in
915 1766 1070 1839 omnibus,
1093 1766 1251 1839 quomodo
1265 1764 1293 1824 iu

323 1849 505 1925 quibusdam
521 1850 640 1923 singula
655 1849 801 1922 eminent,
824 1850 878 1908 sed
895 1851 1005 1908 malum
1021 1863 1057 1907 ac
1071 1850 1199 1908 stultum
1215 1850 1293 1909 nullo

320 1935 392 1991 vitio
410 1949 528 1992 vacare.
549 1949 587 1990 ne
603 1933 749 1991 audacem
767 1932 888 2005 quidem
906 1932 1020 1991 timoris
1036 1932 1237 1993 absolvimus.
1257 1945 1293 1990 uo

290 2015 483 2091 3prodigum
509 2017 630 2089 quidem
655 2016 782 2075 avaritia
806 2014 980 2076 liberamus.
1013 2014 1174 2087 Quomodo
1205 2016 1292 2076 homo
1332 2057 1333 2066 ι

322 2116 428 2159 omncs
445 2115 555 2159 sensus
571 2098 662 2156 habet
684 2115 741 2157 nec
754 2098 823 2157 ideo
840 2099 1063 2157 tamen-omnes
1079 2098 1221 2159 homines
1236 2098 1291 2158 aci·

322 2199 370 2241 em
391 2182 504 2239 habent
518 2182 641 2256 Lynceo
660 2180 805 2252 similem,
828 2182 873 2240 sic
889 2182 940 2254 qui
957 2181 1065 2241 stultus
1081 2190 1143 2255 est,
1161 2199 1222 2243 non
1237 2190 1292 2241 tam

322 2266 404 2323 acria
426 2272 455 2323 et
476 2264 626 2322 concitato
646 2263 737 2323 habet
758 2263 860 2323 omniu
881 2281 972 2337 quam
994 2265 1118 2338 quidam
1134 2267 1291 2339 quaedam.
1331 2259 1334 2318 ἶ

323 2348 428 2406 Omnia
450 2348 479 2404 in
502 2347 642 2405 omnibus
660 2347 729 2404 vitia
745 2354 831 2419 suut,
854 2347 984 2407 sednon
1003 2346 1105 2406 omnia
1119 2349 1150 2406 iu
1168 2344 1290 2422 singulis
1328 2345 1334 2352 '

322 2437 457 2489 exstant=
484 2430 565 2525 hune
582 2435 688 2487 natura
703 2430 743 2488 od
753 2430 855 2524 navarit
856 2428 914 2487 iam
930 2429 1054 2524 inpellit.
1082 2430 1131 2525 llio
1146 2431 1235 2506 vino,
1248 2429 1291 2488 hic

239 2658 243 2667 ,
290 2606 353 2661 lut
373 2598 402 2655 in
425 2598 483 2656 hoe
503 2597 585 2657 illum
604 2611 704 2656 mores
726 2595 773 2654 sui
795 2597 903 2655 serant.
929 2596 1033 2669 ltaque
1054 2603 1087 2656 ut
1101 2597 1141 2655 ad
1158 2611 1290 2672 proposi
1325 2595 1331 2602 '

320 2689 383 2740 tum
403 2688 553 2751 revertar,
578 2695 667 2737 nemo
687 2695 746 2738 uon
772 2679 908 2752 ingratus
930 2687 976 2737 est
997 2679 1048 2753 qui
1068 2680 1178 2739 malus.
1206 2678 1291 2738 habet
1319 2705 1333 2752 2,

323 2762 520 2822 enimomnia
534 2762 685 2834 nequitiae
708 2761 833 2819 semina.
862 2770 962 2820 tamen
985 2762 1146 2836 proprie
1167 2764 1290 2837 ingra·

322 2845 637 2917 tusadpellatur,
660 2844 723 2917 qui
742 2845 787 2902 od
804 2844 876 2904 hoo
893 2846 1184 2918 vitiumvergitr
1208 2841 1291 2904 huic
1318 2841 1333 2920 ζ

291 2943 412 3000 sergo
435 2926 672 2985 beneficium
694 2942 768 2984 uon
790 2928 901 2986 dabo.
934 2927 1093 3000 Quomodo
1114 2930 1195 2987 male
1216 2927 1291 2986 filiae
1318 2921 1334 2974 Τ

324 3026 399 3069 suae
413 3011 557 3080 consulit,
582 3010 633 3082 qui
649 3010 728 3067 illam
744 3012 964 3070 contumelioso
980 3018 1009 3070 ot
1023 3026 1118 3085 saepe
1132 3010 1288 3084 repudiato

323 3095 503 3155 conlocavit.
526 3094 680 3167 quomodo
694 3094 792 3152 malus
809 3100 894 3165 pater
909 3094 1040 3153 familiae
1054 3093 1228 3164 habebam,
1245 3089 1291 3166 qui

321 3177 512 3251 negotiorum
524 3184 678 3251 gestorum
690 3176 831 3235 damnato
845 3176 1015 3249 patrimonii
1032 3176 1080 3236 sui
1095 3191 1198 3235 curam
1213 3191 1289 3234 man·
1323 3167 1334 3250 ζ

322 3261 446 3319 daverit.
480 3260 634 3332 quomodo
652 3258 878 3318 dementissime
898 3260 1070 3332 testabitur,
1093 3259 1146 3334 qui
1168 3265 1291 3319 tutorem
1323 3255 1333 3340 ,ζ

322 3344 385 3402 lilio
402 3342 558 3415 reliquerit
577 3344 762 3415 pupillorum
783 3343 995 3415 spoliatorem=
1023 3343 1068 3401 sic
1091 3343 1226 3438 pessime
1245 3341 1291 3398 be
1324 3349 1333 3422 ζ

323 3426 431 3485 noticia
448 3425 521 3483 dore
536 3424 667 3498 dicetur,
688 3427 872 3500 quicumque
893 3425 1029 3499 ingratos
1051 3424 1150 3499 eligit,
1172 3424 1202 3484 in
1220 3436 1292 3498 quos

323 3508 457 3581 peritura
473 3508 616 3568 conferat
720 3539 723 3544 ·
1320 3523 1333 3578 '.

290 3599 307 3649 1
382 3588 1291 3666 xxvl11.„l)1quoquelnquit,muttarngraustubuunt‘
1324 3587 1334 3598 '
