2942 4384
266 449 306 515 12
548 450 582 510 L.
602 450 749 511 ΑΝΝΑΕΙ
771 448 946 509 SENECAE

264 604 385 664 bentius
406 600 527 662 donabo
544 606 700 675 argentum
716 600 827 659 iactum
843 616 934 674 quarn
950 600 1116 674 signatum,
1138 599 1216 658 liben-
1254 601 1258 608 '

265 689 324 747 lius
347 694 463 747 statuas
485 701 576 758 quarn
596 691 713 743 vestem
734 690 764 742 et
785 683 869 758 quod
890 700 966 742 usus
988 684 1090 742 brevis
1108 684 1217 742 deterat
1251 683 1268 737 i

264 770 358 845 Apud
379 784 495 843 paucos
513 773 583 841 post
597 782 660 824 rent
676 772 777 824 manet
790 767 901 839 gratia,
923 768 1026 840 plures
1043 772 1129 837 sunt,
1150 764 1218 839 apud

264 868 343 927 quos
365 869 426 911 non
451 850 563 910 diutius
585 849 735 908 inanimo
762 856 832 908 sunt
852 850 965 907 donata
986 864 1076 922 quarn
1103 850 1134 907 in
1158 864 1219 907 usu=
1258 879 1264 920 ς

264 952 357 1010 ergo,
376 936 402 993 si
417 934 483 993 fieri
497 939 613 1007 polest,
631 930 769 990 consumi
782 947 893 990 munus
905 947 1004 989 meurn
1017 934 1098 991 nolo.
1126 935 1219 999 exstet

234 1018 386 1081 dhaereat
406 1018 503 1075 amieo
519 1030 604 1088 nreo,
627 1015 779 1073 convivat.
812 1014 906 1073 Neruo
921 1022 982 1073 laur
998 1016 1108 1074 stultus
1124 1022 1182 1086 est,
1196 1019 1222 1072 ut
1261 1015 1269 1069 ἴ

264 1099 436 1161 monendus
453 1101 499 1169 sit,
515 1096 617 1157 necui
633 1095 818 1170 gladiatores
833 1103 885 1155 aut
896 1097 1085 1157 venationem
1099 1098 1159 1157 iarn
1169 1112 1222 1155 mu·
1265 1131 1269 1154 -,

264 1199 338 1242 nere
358 1182 439 1241 edito
463 1181 557 1240 urittat
577 1188 606 1239 et
628 1180 809 1239 vestimenta
828 1180 945 1238 aestiva
964 1181 1086 1253 bruma,
1107 1180 1224 1239 hiberna
1265 1199 1269 1222 τ

265 1266 409 1326 solstitio:
433 1264 472 1324 sit
491 1264 521 1322 in
537 1263 686 1322 beneficio
702 1278 814 1322 sensus
831 1264 1008 1322 connnunis.
1030 1270 1167 1337 ternpus
1187 1263 1224 1323 le
1265 1263 1269 1274 '

265 1365 333 1408 cunr
345 1349 502 1421 observet,
525 1354 686 1421 [personas
695 1348 715 1423 ,]
731 1347 803 1420 quia
815 1346 974 1405 momentis
987 1348 1139 1419 quaedam
1149 1351 1227 1420 grate

183 1461 185 1466 2
265 1441 294 1491 et
311 1434 429 1506 ingrata
444 1439 523 1491 sunt.
552 1436 666 1503 quanto
681 1429 838 1503 acceptius
853 1438 914 1501 est,
937 1429 964 1487 si
981 1430 1012 1488 id
1027 1430 1136 1489 damus
1151 1427 1228 1504 quod

265 1516 334 1588 quis
356 1513 528 1573 nonhabet
549 1528 639 1586 quarn
663 1513 750 1571 cuius
776 1512 865 1585 copia
889 1512 1046 1571 abundat?
1076 1513 1160 1587 quod
1182 1511 1228 1571 diu

236 1608 253 1660 4
266 1597 383 1671 quaerit
397 1612 454 1654 nec
469 1596 581 1655 invenit
597 1612 686 1669 quarn
703 1595 785 1668 quod
799 1594 914 1668 ubique
928 1596 1050 1655 visurus
1067 1602 1136 1655 est?
1168 1594 1227 1653 Mu·

264 1696 338 1739 nera
359 1696 419 1739 non
437 1686 495 1737 tarn
512 1679 646 1752 pretiosa
661 1694 750 1752 quarn
763 1694 832 1737 rara
847 1684 877 1736 et
891 1678 1043 1752 exquisita
1058 1679 1132 1750 sint,
1156 1691 1229 1753 quae

265 1764 354 1822 etiarn
370 1763 451 1837 apud
467 1761 589 1821 divitem
604 1760 652 1820 sui
666 1763 767 1819 locutu
782 1762 906 1834 iaciant,
922 1761 1001 1821 sicut
1011 1762 1147 1835 gregalia
1158 1776 1228 1836 quo·

266 1861 326 1920 que
337 1862 429 1920 poma
441 1852 471 1904 et
482 1852 554 1918 post
566 1860 682 1917 paucos
695 1843 761 1902 dies
773 1845 851 1902 itura
862 1846 891 1902 in
905 1843 1060 1904 fastidium
1072 1844 1234 1914 delectant·

266 1930 292 1989 si
305 1943 474 2003 provenere
485 1928 640 1986 maturius.
657 1928 708 1985 illa
721 1943 846 2002 quoque
856 1943 918 1986 non
930 1935 1018 1987 erunt
1029 1927 1096 1986 sine
1107 1928 1228 1999 honore,

266 2028 345 2087 quae
360 2018 411 2071 aul
425 2027 513 2070 nemo
528 2010 586 2071 illis
602 2011 678 2069 alius
694 2011 778 2069 dedit
791 2017 843 2068 aut
857 2026 914 2069 nos
928 2010 1002 2070 nulli
1016 2010 1076 2071 alii.

237 2109 253 2161 1
325 2095 403 2154 Xlll.
417 2095 594 2153 Alexandro
606 2093 776 2164 Macedoni,
790 2110 858 2151 curn
868 2095 966 2153 victor
978 2093 1102 2154 orientis
1116 2095 1229 2153 animos

265 2195 360 2253 supra
384 2179 516 2238 humana
541 2177 673 2247 tolleret,
703 2175 847 2236 Corinthii
871 2193 927 2251 per
952 2177 1070 2251 legatos
1096 2175 1230 2251 gratulati

266 2269 336 2321 sunt
348 2269 377 2321 et
389 2262 507 2319 civitate
519 2259 602 2319 illurn
614 2259 877 2319 suadonaverunt.
901 2260 1229 2320 curnrisissetAlexan·

267 2346 322 2403 der
335 2344 394 2403 hoc
411 2342 503 2402 oflicii
517 2358 630 2416 genus,
646 2359 724 2402 unus
736 2359 775 2401 ex
790 2342 914 2416 legatis,
928 2346 1017 2415 nulli,
1034 2342 1142 2417 inquil,
1159 2346 1231 2403 ciat-

267 2434 352 2487 totem
372 2442 510 2500 umquam
530 2428 663 2485 dedimus
685 2428 741 2485 olii
760 2443 849 2500 qaam
869 2428 921 2486 tibi
938 2427 1111 2486 etHerculi.
1135 2426 1231 2485 libens

267 2511 387 2584 accepit
397 2511 528 2569 delatum
540 2509 687 2568 honorem
695 2517 724 2568 et
735 2510 852 2582 legatos
865 2509 1038 2569 invitatione
1047 2508 1169 2583 aliaque
1180 2510 1231 2569 hu·
1268 2519 1269 2544 ²

267 2594 408 2653 inanitate
430 2598 611 2667 prosecutus
632 2592 775 2665 cogitavit
795 2609 855 2652 non
871 2593 922 2667 qui
940 2591 998 2652 sibi
1013 2594 1165 2653 civitatem
1182 2593 1232 2651 da·

239 2685 348 2751 prout,
369 2677 426 2736 sed
442 2676 489 2735 cui
505 2676 672 2735 dedissent.
708 2676 746 2735 Et
759 2676 851 2735 homo
866 2677 981 2750 gloriae
996 2676 1131 2748 deditus,
1147 2675 1232 2755 cuius

267 2776 324 2820 uec
345 2768 482 2819 naturam
504 2775 561 2818 nec
587 2759 709 2818 modum
735 2767 880 2831 noverat,
909 2757 1047 2817 Herculis
1071 2757 1233 2830 Liberique

269 2842 395 2914 vestigia
407 2856 540 2915 sequens
555 2857 591 2899 ac
607 2856 645 2898 ue
660 2841 700 2898 ibi
712 2842 835 2914 quidem
848 2841 1004 2912 resistens,
1020 2840 1072 2899 ubi
1087 2842 1138 2916 illa
1152 2840 1233 2899 dele·

268 2930 386 2996 cerant,
406 2924 446 2982 ad
462 2924 578 2982 socium
593 2922 719 2981 honoris
735 2925 783 2982 sui
797 2924 934 2999 respexit
948 2940 966 2982 a
981 2924 1138 2994 dantibuS,
1161 2929 1233 2982 tatu-

268 3024 358 3082 quam
375 3009 508 3077 coelum,
530 3007 612 3080 quod
628 3012 727 3065 mente
741 3008 906 3067 vanissima
921 3005 1177 3080 conplectebatur,
1193 3014 1233 3065 te

242 3095 367 3161 3nerel,
397 3089 468 3163 quia
487 3090 608 3149 Herculi
630 3090 826 3163 aequabatur.
870 3091 948 3163 Quid
969 3090 1049 3148 enirn
1067 3089 1119 3147 ille
1139 3088 1234 3147 simile

268 3174 398 3234 habebat
414 3189 546 3233 vesanus
561 3173 754 3245 adulescens,
771 3172 817 3231 cui
836 3190 890 3247 pro
903 3174 1014 3232 virtute
1028 3178 1092 3230 erat
1107 3172 1182 3230 felix
1193 3178 1234 3230 te·

268 3258 410 3336 meritust
431 3258 578 3317 Hercules
594 3255 668 3315 nihil
683 3257 741 3315 sibi
755 3256 841 3314 vicit:
863 3257 968 3315 orbern
979 3263 1125 3315 terrarum
1137 3262 1234 3313 trans-
1264 3283 1267 3288 ·

267 3339 319 3400 ivit
335 3357 395 3399 non
412 3340 675 3414 concupiscendo,
705 3340 761 3399 sed
785 3339 978 3399 vindicando.
1008 3339 1082 3413 quid
1100 3338 1236 3397 vinceret

267 3425 414 3483 malorum
434 3423 731 3494 hostis,1bonorum
752 3422 884 3495 vindex,
912 3421 1059 3482 terrarum
1080 3420 1235 3495 marisque

269 3514 414 3580 pecatore
444 3508 484 3566 At
495 3506 543 3564 hic
556 3507 710 3579 apuerilia
722 3506 798 3566 latro
810 3506 1006 3579 gentiumque
1016 3512 1161 3577 vastator,
1176 3510 1234 3562 tan

268 3589 399 3649 hostiurn
415 3588 565 3664 pernicies
581 3605 671 3663 quarn
687 3588 867 3660 amicorum,
893 3590 944 3665 qui
958 3603 1108 3649 sunrrnum
1123 3588 1235 3645 bonum

269 3672 392 3733 duceret
405 3674 513 3734 terrori
528 3688 600 3733 esse
614 3673 730 3734 cunctis
742 3673 936 3748 mortalibus,
959 3671 1070 3734 oblitus
1081 3687 1145 3732 non
1156 3672 1232 3732 lero·
