2942 4384
527 673 562 773 l.
588 690 727 775 lllltt
754 691 925 777 saltata

592 844 645 893 ΑΙ)
671 844 859 897 LUCILIUM

235 957 680 1059 1111111111
724 891 1254 1067 auausrroaau

613 1128 748 1220 muna
775 1130 838 1192 vu.

298 1402 321 1461 Ι.
350 1401 444 1461 Nemo
466 1418 567 1476 usque
589 1404 666 1465 adeo
687 1406 792 1465 tardus
808 1412 839 1465 et
854 1402 950 1463 hebes
967 1410 997 1463 ει
1012 1402 1166 1465 demissus
1180 1406 1235 1466 int

235 1491 347 1545 terram
363 1494 424 1557 est,
447 1493 480 1544 ut
495 1487 533 1544 ad
549 1488 651 1547 divina
665 1506 726 1549 non
743 1490 875 1562 erigatur
889 1503 926 1546 ac
943 1493 1120 1567 tota-mente
1136 1504 1208 1549 con·

235 1575 357 1643 surgat,
378 1568 483 1643 utique
498 1570 550 1628 ubi
565 1587 678 1631 novum
694 1588 710 1631 ε
726 1574 813 1632 coelo
825 1571 950 1646 aliquod
964 1570 1139 1631 miraculum
1153 1573 1208 1631 lul·

235 1652 284 1712 sit.
306 1667 377 1710 nam
393 1652 536 1725 quamdiu
552 1654 641 1713 solita
657 1656 834 1727 decurrunt,
857 1653 1092 1726 magnitudinem
1108 1670 1209 1714 rerum

235 1735 428 1795 consuetudo
450 1736 602 1795 subducit.
630 1739 670 1797 ita
691 1741 770 1797 enim
791 1736 943 1811 conpositi
961 1752 1081 1808 sumus,
1104 1745 1137 1797 ut
1151 1754 1208 1799 nos
1288 1809 1290 1812 ¹

234 1819 398 1890 cotidiana,
413 1819 530 1877 etiamsi
542 1820 740 1881 admiratione
753 1822 845 1895 digna
856 1827 935 1890 sunt,
950 1826 1121 1884 transeantz
1135 1837 1208 1882 con·

233 1910 282 1963 tra
308 1900 497 1962 minimarum
525 1919 648 1976 quoque
668 1921 785 1976 rerum,
814 1904 840 1962 si
860 1902 1000 1962 insolitae
1021 1902 1207 1978 prodierunt,

234 1986 445 2059 spectaculum
461 1986 550 2043 dulce
565 1986 626 2046 liat.
661 1988 718 2045 Hic
729 1989 831 2061 itaque
842 1992 948 2045 coetus
961 1992 1127 2059 astrorum,
1143 1988 1236 2061 qui-a

233 2069 294 2128 bus
315 2067 443 2128 inmensi
459 2070 598 2143 corporis
621 2071 813 2144 pulchritudo
834 2068 1034 2141 distinguitur,
1061 2072 1207 2142 populum

234 2167 295 2210 noo
309 2160 473 2211 convocat:
492 2160 522 2210 at
533 2168 600 2211 oum
612 2154 725 2227 aliquid
739 2170 777 2212 ex
790 2168 873 2212 more
884 2158 1028 2211 mutatum
1040 2160 1096 2222 εει,
1112 2154 1205 2213 omni·

234 2250 286 2294 um
302 2233 332 2292 in
348 2236 434 2294 coelo
451 2237 550 2295 voltus
568 2244 622 2295 εει.
657 2236 710 2296 Sol
727 2243 930 2311 spectatorem
945 2235 1003 2293 uisi
1019 2235 1129 2296 deiecit
1146 2253 1207 2298 non

234 2316 335 2376 habet.
357 2332 446 2377 nemo
459 2317 602 2377 observat
614 2322 715 2379 lunam
732 2322 790 2379 uisi
805 2320 1008 2378 laborantem=
1030 2326 1101 2377 tunc
1114 2320 1206 2380 urbes

234 2402 441 2472 conclamant,
463 2408 534 2460 tuno
555 2418 611 2475 pro
627 2418 661 2461 se
677 2405 809 2478 quisque
824 2401 1040 2476 superstitione
1056 2418 1133 2461 vana
1148 2409 1206 2462 tre-

234 2482 329 2558 pidat
366 2481 483 2556 Quanto
498 2484 548 2542 illa
563 2486 678 2544 maiora
692 2493 778 2557 sunt,
802 2487 885 2560 quod
900 2486 946 2544 sol
964 2485 1102 2556 totidem,
1121 2494 1153 2545 ut
1167 2485 1237 2545 ita3

234 2564 350 2637 dicam,
377 2568 490 2639 gradus
514 2576 588 2641 quot
608 2567 674 2627 dies
696 2569 787 2634 habet
807 2576 837 2628 ει
861 2584 972 2627 annum
998 2566 1124 2627 circuitu
1149 2586 1205 2629 suo

234 2649 357 2719 claudit,
374 2651 456 2724 quod
469 2666 487 2708 a
498 2652 627 2711 solstitio
641 2653 690 2724 [ad
703 2652 883 2711 minuendos
894 2652 961 2710 dies
973 2650 1106 2723 vertitur,
1122 2652 1206 2726 quod

234 2748 254 2791 a
268 2731 410 2804 solstitio]
426 2739 535 2792 statum
553 2733 675 2794 inclinat
690 2736 785 2795 eldat
799 2734 940 2794 noctibus
956 2734 1103 2807 spatium,
1123 2735 1206 2808 quod

234 2814 338 2874 sidera
358 2815 531 2888 abscondit,
557 2819 639 2891 quod
662 2826 774 2890 terras,
795 2834 862 2877 cum
877 2825 959 2877 tanto
973 2818 1069 2877 maior
1084 2817 1124 2877 sit
1138 2818 1205 2892 illis,
1245 2865 1247 2868 .

233 2914 296 2957 non
320 2899 393 2971 urit,
419 2901 475 2958 sed
496 2902 628 2959 calorem
649 2918 735 2961 suurn
758 2902 978 2963 intenslouibus
1000 2917 1036 2961 ao
1050 2900 1205 2962 remissio·
1238 2934 1242 2942 ·

233 2982 325 3041 nibus
347 2985 542 3055 temperando
565 2986 661 3057 lovet,
690 2986 774 3061 quod
797 2988 896 3044 lunam
922 3001 1086 3059 numquam
1112 2986 1207 3059 inplet

233 3064 294 3124 nisi
309 3064 471 3124 adversam
486 3061 660 3141 stoi‘neque
675 3069 841 3127 obscurat?
871 3069 955 3126 Haec
969 3075 1139 3127 tamennon
1153 3069 1235 3131 ad⁴4

232 3155 391 3221 notamuS,
414 3150 559 3223 quamdiu
580 3151 656 3210 ordo
678 3158 826 3209 servatur.
856 3150 971 3223 siquid
991 3149 1140 3208 turbatum
1159 3157 1206 3209 est

232 3246 270 3290 ac
292 3238 412 3306 praeter
432 3233 684 3292 consuetudinem
705 3233 839 3304 emicuit,
864 3240 1056 3305 spectamus,
1079 3233 1205 3293 interro

232 3328 357 3389 gamus,
379 3317 583 3375 ostendimus:
605 3318 682 3375 adeo
699 3317 832 3375 naturale
847 3323 894 3375 est
908 3317 1004 3390 magis
1019 3331 1100 3375 nova
1115 3332 1205 3389 quam

232 3413 343 3471 magna
363 3397 474 3457 mirari.
510 3400 593 3458 Idem
615 3400 644 3458 in
667 3400 793 3460 cometis
808 3400 854 3459 lit:
879 3399 1007 3459 siranus
1023 3397 1234 3460 etinsolitae5

230 3480 349 3555 figurae
369 3481 447 3555 iguis
468 3482 623 3557 adparuit,
651 3500 740 3543 nemo
762 3500 822 3542 non
844 3498 923 3543 scire
938 3483 1011 3557 quid
1027 3482 1066 3541 sit
1079 3482 1162 3555 cupit
1175 3490 1205 3542 et

232 3565 346 3626 oblitus
361 3566 488 3624 aliorum
502 3566 542 3624 de
560 3567 730 3627 adventicio
747 3566 879 3642 quaerit,
898 3565 1023 3640 ignarus
1038 3574 1137 3626 utrum
1152 3564 1206 3624 de-

230 3648 303 3710 beat
317 3646 419 3709 mirari
434 3664 472 3708 an
487 3648 601 3710 timere.
630 3666 690 3711 non
707 3651 786 3711 enim
801 3652 912 3711 desunt
926 3650 979 3725 qui
991 3655 1132 3725 terreant,
1152 3648 1205 3725 qni
