2942 4384
373 463 514 523 NATUR.
530 460 692 535 QUAEST.
712 460 786 522 LlB.
797 462 835 520 V.
858 471 988 524 12-14.
1108 460 1170 526 263

194 615 350 691 inpulsum
370 616 442 673 abra
460 614 491 672 in
513 612 588 673 alias
604 627 727 687 quoque
748 619 850 687 partes
866 628 957 687 quam
972 614 1002 672 in
1018 630 1095 687 quas
1111 614 1170 689 ipsi
1255 623 1258 627 ’

193 698 394 767 inclinavere,
415 697 604 771 dispergunt.
640 697 716 777 lllud
730 712 855 770 quoque
867 696 981 770 dicam,
1001 698 1083 770 quod
1099 699 1171 757 mihi

195 782 343 842 occurrit:
362 780 617 854 quemadmodum
630 778 791 850 stillicidia,
805 778 944 853 quamvis
957 779 1016 838 iarn
1028 781 1172 840 inclinent

195 881 230 925 se
252 862 449 936 otiabantur,
475 862 610 922 nondum
631 862 756 922 efficere
776 864 911 935 lapsum,
934 863 990 921 sed
1009 864 1061 922 ubi
1084 864 1172 937 plura

195 948 299 1007 coiere
319 954 348 1006 et
368 946 456 1005 turba
473 944 555 1004 vires
577 946 674 1016 dedit,
701 952 773 1004 tunc
793 946 890 1004 fluere
906 953 937 1004 et
957 946 1001 1004 ire
1016 947 1170 1006 dicuntum

195 1029 242 1090 sic
255 1029 401 1103 quamdiu
415 1029 499 1088 leves
515 1034 587 1087 sunt
602 1029 681 1086 aeris
696 1035 797 1088 motus
813 1027 916 1101 agitati
931 1028 1069 1102 pluribus
1085 1029 1169 1103 locis,

195 1113 331 1173 nondum
351 1118 461 1171 ventus
483 1117 539 1169 est.
568 1118 639 1170 tunc
661 1127 733 1170 esse
754 1111 872 1185 incipit,
896 1127 963 1170 curn
981 1127 1086 1171 omnes
1101 1113 1170 1172 illos

194 1196 316 1255 miscuit
336 1201 367 1253 et
388 1194 418 1251 in
439 1209 533 1252 unum
555 1192 689 1267 inpetum
711 1194 846 1253 contulit.
888 1193 1030 1268 Spiritum
1046 1202 1169 1277 avanto

194 1278 307 1361 modus
328 1284 467 1351 separat:
495 1276 706 1336 vehementior
727 1276 809 1335 enirn
833 1276 958 1350 spiritus
982 1286 1092 1336 ventus
1113 1286 1169 1352 est,

193 1361 326 1422 invicem
340 1360 465 1433 spiritus
481 1360 588 1419 leniter
602 1359 702 1419 fluens
718 1374 780 1419 aer.
1066 1408 1068 1410 .

257 1443 336 1501 XlV.
365 1443 549 1516 Repetam
570 1459 682 1515 nunc,
711 1443 814 1517 quod
837 1441 958 1516 primo
982 1442 1198 1517 dixeram‚1

194 1526 257 1587 cdi
277 1543 294 1585 e
316 1539 436 1599 specu
457 1532 598 1585 ventos
619 1541 865 1600 recessuque
887 1525 1078 1585 interiore
1100 1534 1170 1585 ter-

194 1624 330 1669 rarum.
364 1608 430 1666 Non
451 1615 513 1667 tota
535 1609 634 1668 solido
658 1615 803 1669 contextu
822 1616 902 1667 terra
917 1610 947 1667 in
962 1608 1055 1668 imum
1070 1626 1171 1685 usque

194 1693 347 1766 fundatur,
370 1692 426 1751 sed
440 1692 541 1751 multis
556 1692 694 1766 partibus
709 1707 786 1750 cava
899 1692 909 1711 “

442 1782 472 1835 et
484 1779 579 1835 caeeis
592 1792 735 1850 suspensa
750 1777 878 1836 latebris.

196 1859 303 1932 [aliubi
312 1861 397 1933 aquis
405 1862 527 1935 pfean,
551 1858 642 1918 aliubi
657 1858 748 1918 habet
761 1858 865 1918 inania
880 1857 946 1919 sine
960 1857 1097 1919 humore.
1127 1860 1200 1924 lbia

194 1941 314 2001 etiamsi
335 1943 417 2001 nulla
431 1943 484 2002 lux
500 1941 664 2001 discrimen
678 1942 759 2000 aeris
774 1948 935 2015 monstrat,
958 1942 1057 2001 dicam
1071 1949 1173 2002 tamen

195 2026 296 2085 nubes
311 2025 503 2099 nebulasque
518 2026 549 2083 in
562 2024 694 2084 obscuro
706 2023 886 2084 consistere.
909 2041 977 2083 nam
990 2041 1029 2083 ne
1041 2025 1099 2082 hae
1108 2027 1172 2098 qui·

195 2108 267 2167 dem
287 2123 382 2189 super
402 2114 513 2179 terras,
543 2108 614 2182 quia
635 2108 791 2179 videntur,
815 2115 900 2179 sunt,
923 2109 979 2167 sed
1002 2108 1072 2181 quia
1092 2118 1171 2183 sunt,

194 2190 348 2251 videntur.
371 2191 430 2251 illic
445 2207 571 2266 quoquc
587 2190 679 2250 nihilo
695 2191 796 2251 minus
812 2191 851 2251 ob
867 2193 898 2250 id
914 2198 998 2264 sunt,
1016 2191 1097 2264 quod
1110 2208 1171 2252 non

194 2274 347 2333 videntur.
380 2274 516 2333 Flumina
536 2274 596 2332 illic
618 2274 699 2333 scias
721 2274 791 2335 licet
810 2274 924 2334 nostris
940 2273 1026 2349 paria
1043 2273 1172 2349 sublabi,

195 2358 256 2415 alia
271 2356 378 2417 leniter
393 2356 499 2429 ducta,
522 2357 580 2416 alia
595 2357 624 2415 in
640 2357 835 2433 confragosis
850 2359 926 2418 locis
943 2358 1172 2433 praecipitando

194 2440 346 2499 sonantia.
379 2440 456 2513 Quid
469 2446 564 2513 ergo?
584 2457 646 2498 non
659 2442 732 2500 illud
744 2458 842 2515 aeque
855 2442 952 2513 dabis,
968 2457 1040 2501 esse
1051 2440 1173 2515 aliquos

196 2529 228 2583 et
242 2523 301 2581 sub
315 2530 396 2582 terra
410 2525 494 2582 lacus
510 2530 540 2582 et
555 2524 703 2597 quasdam
720 2541 817 2598 aquas
834 2523 899 2583 sine
912 2523 995 2583 exitu
1010 2530 1175 2597 stagnaret

196 2605 282 2678 Quae
303 2606 329 2665 si
350 2606 392 2665 ita
408 2613 493 2677 sunt,
516 2601 645 2665 necesse
661 2613 708 2665 est
723 2615 753 2667 et
766 2607 855 2679 illud,
879 2610 951 2665 adra
965 2607 1084 2665 onerari
1100 2612 1201 2665 one-3

195 2696 358 2763 ratumque
379 2688 553 2749 incumbere
574 2695 604 2747 et
623 2697 745 2748 ventum
767 2691 917 2765 propulsu
936 2705 993 2748 suo
1009 2688 1172 2747 concitare.

195 2772 244 2831 Ex
263 2773 322 2831 illis
343 2787 418 2845 ergo
440 2772 646 2832 subterraneis
667 2772 798 2833 nubibus
823 2774 955 2832 sciemus
974 2770 1081 2830 nutriri
1095 2772 1173 2831 inter

197 2855 331 2915 obscura
345 2854 452 2929 flatus,
475 2858 547 2915 dum
561 2861 676 2914 tantum
690 2856 799 2915 virium
819 2858 970 2927 fecerunt,
994 2861 1106 2929 quanto
1121 2863 1174 2914 aut

196 2945 298 2997 terrae
318 2937 470 2999 obstantia
490 2940 631 2998 auferant
645 2946 697 2998 aut
711 2940 838 3014 aliquod
852 2945 989 3013 apertum
1004 2940 1043 2998 ad
1056 2937 1113 2998 hos
1129 2940 1172 2997 ef-

198 3020 290 3080 flatus
310 3021 367 3079 iter
387 3030 538 3097 occupent
553 3029 583 3080 et
601 3021 749 3096 perhanc
764 3038 926 3082 cavernam
940 3021 972 3081 in
986 3030 1108 3082 nostras
1123 3037 1171 3081 se·

197 3104 255 3163 des
270 3104 444 3164 efferantur.
479 3105 554 3163 lllud
572 3121 644 3164 vero
661 3106 853 3165 manifestum
869 3112 930 3176 est,
949 3120 1088 3177 magnam
1103 3112 1202 3165 esset

198 3185 257 3245 sub
272 3186 361 3247 terris
373 3187 434 3246 vim
446 3186 601 3262 sulphuris
614 3193 644 3245 et
655 3188 783 3245 aliorum
795 3203 856 3245 non
868 3187 967 3244 minus
980 3188 1078 3258 ignem
1091 3187 1173 3243 alen·

197 3271 281 3330 tium.
304 3286 360 3344 per
374 3269 449 3330 haec
468 3272 535 3329 loca
550 3285 618 3329 curn
633 3285 668 3328 se
683 3270 961 3343 exitum-quaerens
977 3268 1100 3341 spiritus
1112 3275 1172 3326 tor-

198 3352 254 3426 sit,
274 3355 423 3413 accendat
438 3353 589 3412 flammam
605 3348 674 3426 ipso
691 3351 821 3411 adfrictu
836 3366 965 3409 necesse
981 3358 1040 3410 est:
1062 3350 1173 3409 deinde

197 3434 330 3496 flammis
351 3436 442 3496 latius
463 3437 555 3508 fusis,
577 3435 694 3494 etiarnsi
716 3436 790 3508 quid
809 3432 910 3509 ignavi
925 3433 1004 3492 aeris
1020 3440 1099 3504 crat,
1119 3448 1172 3495 ex-

196 3526 352 3579 tenuatum
373 3519 489 3579 moveri
504 3526 534 3579 et
552 3518 629 3577 viam
644 3534 712 3577 cum
729 3517 847 3578 fremitu
862 3526 949 3577 vasto
964 3524 1056 3590 atque
1070 3516 1174 3589 inpetu

198 3617 358 3676 quaerere.
395 3601 458 3662 Sed
471 3603 549 3662 haec
563 3600 737 3677 diligentius
753 3616 931 3678 persequar,
948 3617 1017 3660 cum
1030 3614 1173 3674 quaeram

199 3684 240 3745 de
253 3685 386 3747 motibus
400 3692 510 3747 terrae.
