2942 4384
323 368 384 432 198
610 368 644 429 L.
663 367 811 428 ΑΝΝΑΕΙ
830 366 1005 429 SENECAE

322 524 391 580 turi
430 516 554 592 ,‚Unde,
583 517 700 593 inquis,
725 516 840 577 scist“
874 517 904 579 in
928 515 1087 579 venenatis
1112 516 1298 594 corporibus

220 634 232 650 ι
323 602 434 661 vermis
454 617 515 662 non
529 603 678 663 nascitur:
708 601 832 661 fulmine
846 601 906 662 icta
919 600 997 661 inter
1011 617 1129 677 paucos
1145 602 1215 663 dies
1230 620 1298 663 ver·

322 686 445 746 minant.

294 780 308 831 1
383 768 500 828 XXXII.
527 766 621 841 Quid,
642 769 724 841 quod
741 768 840 827 lutura
855 767 1040 841 portendunt
1054 783 1111 827 nec
1124 768 1217 829 unius
1231 777 1296 831 tan·

322 861 385 913 turn
405 859 456 911 aut
479 851 603 911 alterius
623 852 667 910 rei
687 852 776 925 sigua
790 852 877 922 dant,
898 851 1065 926 sedsaepe
1080 853 1205 925 longum
1220 854 1295 913 lato-

320 952 387 996 rum
408 936 599 1009 sequentium
620 936 758 995 ordinem
782 933 918 993 nuntiant
939 941 968 993 et
989 935 1112 1009 quidem
1134 934 1215 996 notis
1234 936 1296 996 evi-

321 1017 462 1077 dentibus
483 1018 637 1092 longeque
657 1016 852 1089 clarioribuS,
881 1033 972 1091 quam
994 1019 1043 1090 [si]
1070 1016 1296 1079 scriberentur?

292 1102 386 1162 tHoc
400 1102 476 1161 inter
490 1118 548 1163 nos
560 1108 590 1161 et
599 1103 727 1174 Tuscos,
743 1101 856 1175 quibus
870 1116 988 1161 summa
1000 1108 1048 1160 est
1062 1101 1215 1174 fulgurum
1228 1118 1295 1177 per·

323 1187 549 1259 sequendorum
571 1184 712 1258 scientia,
736 1186 876 1244 interest:
899 1200 957 1243 nos
974 1191 1130 1258 putamus,
1152 1185 1226 1259 quia
1241 1202 1295 1245 nu·

321 1268 377 1328 bes
399 1269 534 1330 conlisae
555 1275 638 1339 sunt,
662 1268 787 1328 fulmina
808 1267 910 1327 emitti.
933 1267 992 1341 ipsi
1009 1266 1182 1328 existimant
1197 1267 1295 1329 nubes

322 1353 449 1423 conlidi,
471 1360 504 1411 ut
519 1352 643 1411 fulmina
657 1353 836 1411 emittantur.
864 1366 934 1409 nam
950 1366 1019 1411 cum
1034 1351 1135 1410 omnia
1149 1351 1189 1410 ad
1205 1352 1294 1414 deum

320 1437 467 1508 referant,
489 1435 520 1493 in
540 1450 577 1493 ea
592 1434 737 1509 opinione
753 1442 836 1506 sunt,
859 1441 1014 1508 tanlquam
1029 1449 1104 1506 noti,
1128 1434 1203 1508 quia
1218 1438 1295 1495 lacta

290 1555 293 1570 ι
321 1526 407 1590 sunt,
429 1518 614 1591 significent,
635 1518 690 1577 sed
711 1518 783 1592 quia
804 1516 1010 1590 significatura
1025 1527 1109 1591 sunt,
1133 1518 1222 1578 liant:
1245 1534 1293 1577 ea-

321 1601 391 1661 dem
406 1608 505 1660 tamen
520 1600 637 1659 ratione
651 1601 740 1674 liunt,
763 1602 828 1659 sive
842 1601 902 1659 illis
917 1601 1090 1675 significare
1102 1602 1294 1676 propositum

271 1690 368 1751 ,aest
388 1685 454 1742 sive
477 1699 682 1758 consequens.
725 1685 905 1757 „Quomodo
929 1699 1002 1758 ergo
1026 1684 1214 1758 significant,
1237 1684 1293 1744 nisi

321 1766 391 1827 ideo
412 1768 612 1828 ιιιίιιιιιιιιιιιιι
638 1768 794 1843 quomodo
814 1774 889 1827 av'es
909 1783 971 1827 non
991 1768 1021 1828 in
1044 1768 1103 1828 hoc
1124 1774 1242 1841 motae,
1263 1774 1295 1827 ut

321 1850 410 1911 nobis
433 1857 639 1921 occurrerent,
664 1852 802 1912 dextrum
824 1851 994 1926 auspicium
1015 1851 1235 1926 sinistrumque
1252 1851 1292 1909 ie·

319 1942 436 1995 cerunt.
472 1934 528 2008 „Et
544 1934 624 2007 illas,
640 1934 752 2009 inquit,
767 1935 845 1994 deus
858 1934 982 1995 nrovit.“
1016 1934 1112 1995 Nimis
1123 1936 1206 1993 illum
1218 1931 1292 1993 otiu

321 2034 403 2091 sum,
425 2026 455 2078 ει
469 2016 597 2093 pusillae
611 2018 656 2077 rei
670 2016 838 2078 ministrum
851 2018 942 2088 lacis,
958 2019 985 2077 si
996 2019 1063 2078 aliis
1076 2016 1211 2089 somnia,
1226 2017 1293 2075 aliis

292 2106 391 2161 texta
406 2100 549 2176 disponit.
584 2103 647 2161 Ista
659 2101 854 2161 rrihilominus
869 2099 973 2162 divina
988 2117 1048 2175 ope
1062 2109 1216 2175 geruntur,
1238 2100 1292 2159 sed

321 2201 381 2244 non
403 2202 421 2243 a
442 2185 500 2244 deo
521 2200 641 2258 pennae
658 2184 759 2243 avium
775 2192 921 2258 reguntur
935 2201 992 2245 nec
1008 2185 1157 2260 pecudum
1175 2182 1294 2243 viscera

321 2268 379 2327 sub
393 2269 462 2342 ipsa
473 2268 574 2326 securi
590 2269 769 2327 lormanturr
791 2268 850 2327 alia
861 2270 977 2329 ratione
990 2264 1118 2329 latorum
1130 2268 1228 2327 series
1241 2282 1293 2325 ex-

323 2350 449 2425 plicatur
474 2351 585 2410 indicia
610 2352 701 2411 laturi
725 2351 840 2427 ubique
869 2354 1083 2427 praemittens,
1116 2350 1293 2425 exquibus

322 2435 473 2509 quaedam
494 2434 584 2495 nobis
607 2436 779 2508 familiaria,
803 2436 954 2509 quaedam
971 2437 1074 2509 ignota
1089 2440 1170 2494 sunt
1205 2432 1293 2507 Quic-

322 2519 394 2593 quid
417 2518 532 2578 ratione
546 2518 594 2592 fit,
615 2519 743 2578 alicuius
758 2518 802 2577 rei
818 2520 936 2579 laturae
950 2519 1070 2592 signum
1084 2526 1145 2577 estz
1171 2517 1294 2576 lortuita

320 2611 351 2661 et
370 2603 437 2661 sine
458 2603 575 2661 ratione
595 2618 674 2676 vaga
696 2601 911 2680 divinationem
932 2619 992 2661 non
1007 2599 1167 2677 recipiunt.
1200 2599 1293 2659 Cuius

292 2687 363 2756 5rei
379 2686 455 2745 ordo
471 2691 531 2757 est,
548 2686 637 2745 etlam
653 2685 819 2760 praedictio
834 2692 891 2743 est.
926 2685 1006 2758 „Cur
1020 2700 1093 2759 ergo
1108 2682 1231 2758 aquilae
1246 2681 1293 2741 liic

321 2767 419 2827 honor
439 2767 528 2827 datus
550 2776 610 2840 est,
636 2775 670 2827 ut
688 2784 866 2841 magnarum
886 2784 986 2829 rerum
1009 2770 1121 2827 laceret
1145 2766 1293 2840 auspicia,

320 2858 372 2910 aut
393 2865 487 2909 corvo
508 2858 538 2909 el
556 2850 750 2925 paucissimis
771 2852 895 2923 avibus,
924 2860 1091 2911 ceterarum
1113 2850 1180 2909 sine
1205 2863 1292 2923 prae-

321 2934 407 3007 sagio
423 2950 483 2993 vox
499 2941 570 2994 esti
580 2939 597 2967 ‘⁴
622 2934 693 3009 quia
708 2936 859 3008 quaedam
874 2937 1006 2996 nondum
1022 2935 1051 2994 in
1064 2942 1158 2994 artem
1169 2933 1294 2992 redacta

321 3024 404 3089 sunt,
422 3019 572 3091 quaedam
590 3033 663 3076 vero
678 3033 717 3076 ne
731 3017 828 3092 redigi
841 3019 962 3092 quidem
977 3026 1106 3093 possunt
1117 3018 1157 3078 ob
1169 3014 1293 3075 nimium

319 3108 467 3161 remotam
493 3100 770 3162 conversationem:
803 3110 936 3161 ceterum
963 3103 1077 3162 nullum
1102 3100 1212 3159 animal
1237 3104 1293 3169 est,

247 3223 249 3228 ·
321 3186 405 3258 quod
425 3200 487 3245 non
508 3193 591 3245 motu
612 3193 642 3246 et
661 3201 792 3245 occursu
816 3201 873 3245 suo
895 3184 1053 3259 praedicat
1071 3184 1208 3258 aliquid„
1233 3196 1293 3241 non

178 3249 197 3327 ⁹.
291 3269 420 3329 domnia
432 3266 563 3340 scilicet,
581 3269 636 3328 sed
650 3269 800 3343 quaedam
812 3275 962 3328 notantur.
997 3268 1177 3342 Auspicium
1188 3264 1294 3325 obser-

319 3352 418 3412 vantis
442 3358 498 3411 est.
529 3352 570 3410 ad
589 3367 658 3411 eum
679 3353 782 3426 itaque
803 3352 945 3426 pertinet,
969 3352 1020 3425 qui
1041 3351 1069 3409 in
1093 3367 1130 3410 ea
1150 3347 1296 3409 direxerit

320 3435 461 3494 animum.
494 3441 626 3495 ceterum
647 3444 677 3494 et
697 3437 751 3494 illa
767 3436 856 3507 fiunt,
880 3449 960 3509 quae
982 3442 1119 3509 pereunt.
1154 3432 1295 3507 Quinque

320 3520 474 3577 stellarum
510 3525 676 3591 potestates
706 3518 924 3578 Chaldaeorum
956 3517 1130 3579 observatio
1161 3514 1295 3589 excepit.

292 3605 308 3663 7
323 3600 410 3675 quid,
429 3608 460 3661 tu
475 3608 518 3662 tot
532 3602 583 3661 illa
597 3601 677 3661 milia
689 3602 822 3663 siderum
833 3602 950 3663 iudicas
962 3602 1062 3665 otiosa
1072 3603 1195 3663 luceret
1217 3597 1296 3673 Quid
