2942 4384
392 494 534 556 NATUR.
549 493 710 568 QUAEST.
732 494 806 555 LlB.
817 495 839 556 1.
861 502 976 557 8-12.
1112 491 1172 558 175

197 649 228 708 in
244 656 363 708 reatum
384 644 494 707 iacent.
528 646 617 707 Fiunt
636 653 736 706 autem
758 645 840 705 iuxta
855 645 951 705 solem
967 647 1031 705 lere
1045 647 1075 705 in
1091 647 1171 707 nube
1185 659 1202 710 a

197 732 325 791 humida
338 740 368 791 et
382 731 441 791 iam
457 746 492 790 se
506 736 679 805 spargente.
704 730 807 802 itaque
822 730 901 789 idem
917 736 964 789 est
980 731 1008 788 in
1025 730 1097 805 illis,
1120 732 1172 806 qui

198 816 229 874 in
250 831 326 875 arou
346 816 446 887 color,
469 822 582 873 tantum
597 813 695 887 ligura
709 820 848 886 mutatur,
869 814 941 889 quia
956 813 1080 873 nubium
1095 832 1171 890 quo·

199 913 276 974 que,
299 900 329 957 in
346 898 457 972 quibus
473 896 689 967 extenduntur,
713 896 843 955 aliaest.

260 981 298 1041 X.
327 980 438 1041 Similis
456 981 588 1040 varietas
604 982 632 1039 in
649 980 772 1040 aaronis
788 988 848 1052 est,
872 979 927 1039 sed
944 979 1004 1039 hoa
1019 979 1171 1056 differunt,

198 1064 283 1141 quod
307 1080 440 1125 auronae
457 1064 571 1139 ubique
586 1063 676 1136 fiunt,
697 1064 881 1138 ubicumque
897 1063 982 1123 sidus
999 1071 1059 1137 est,
1081 1081 1171 1125 araus

197 1164 261 1209 non
282 1148 342 1207 nisi
364 1154 469 1207 eontra
489 1150 601 1217 solem,
629 1148 734 1221 virgae
756 1163 815 1206 non
836 1147 895 1205 nisi
916 1146 944 1204 in
961 1147 1071 1208 vicinia
1085 1148 1170 1207 solis.

196 1230 329 1291 Possum
341 1238 370 1291 et
383 1231 443 1291 hoe
456 1231 548 1290 modo
561 1229 760 1289 differentiam
774 1230 1061 1290 onmiumredde1e=
1083 1246 1170 1291 eoro-

196 1331 267 1374 nam
282 1314 311 1374 si
326 1314 481 1385 diviseriS‚
504 1330 594 1373 araus
609 1312 679 1385 erit,
696 1314 722 1372 si
734 1313 896 1384 direxeris
915 1311 1011 1385 virga.
1032 1315 1061 1371 in
1074 1314 1167 1373 omni·

196 1398 257 1457 bus
278 1400 365 1458 eolor
385 1397 542 1470 multiplex
563 1404 626 1470 est,
654 1412 693 1455 ex
718 1397 872 1469 caeruleo·
886 1396 1031 1469 fulvoque
1057 1396 1169 1455 varius.

194 1482 303 1554 virgae
323 1481 381 1540 soli
403 1489 516 1540 tantum
537 1481 696 1550 adiacent,
725 1494 816 1538 araus
842 1480 960 1538 solares
985 1480 1170 1554 lunaresque

195 1571 283 1637 sunt,
306 1579 439 1625 coronae
454 1564 586 1622 omnium
602 1564 747 1622 siderum.

258 1647 309 1707 Xl.
331 1646 446 1705 Aliud
469 1662 622 1721 quoque
641 1647 837 1719 virgarum
854 1660 976 1719 genus
991 1644 1168 1720 adparet,
1186 1659 1199 1708 1

196 1746 266 1790 eum
286 1732 363 1790 radii
386 1745 440 1804 per
454 1738 582 1803 angusta
596 1730 744 1789 foramina
759 1730 882 1789 nubium
897 1737 1004 1789 tenues
1020 1739 1049 1788 et
1065 1728 1169 1787 intenti

195 1813 408 1887 distantesque
430 1814 507 1872 inter
527 1829 561 1872 se
582 1812 760 1885 diriguntur.
791 1822 821 1871 et
841 1813 899 1885 ipsi
921 1814 1010 1886 signa
1030 1812 1169 1872 imbrium

195 1903 276 1956 sunt.
314 1896 473 1970 Quomodo
487 1912 568 1955 nuno
578 1912 627 1954 me
638 1895 697 1955 boo
709 1899 777 1955 looo
790 1902 914 1968 geram?
937 1895 1009 1969 quid
1023 1901 1099 1966 [eas]
1115 1912 1168 1954 vo-

198 1986 287 2038 aem?
313 1979 460 2053 imagines
480 1980 577 2038 solist
610 1979 754 2039 historici
776 1979 883 2037 soles
903 1986 1014 2038 vocant
1033 1987 1062 2036 et
1081 1978 1201 2039 binosa

195 2071 366 2135 ternosque
378 2062 558 2136 adparuisse
569 2058 731 2121 memoriae
743 2062 873 2121 tradunt.
903 2061 1009 2119 Graeci
1029 2060 1167 2134 parhe-

194 2144 250 2204 lia
277 2145 445 2221 adpellant,
472 2146 543 2219 quia
562 2145 591 2204 in
613 2145 788 2219 propinquo
812 2144 875 2203 lere
896 2160 914 2201 a
934 2145 1001 2202 sole
1020 2145 1167 2217 visuntur,

196 2236 250 2289 aut
274 2231 345 2304 quia
365 2229 515 2288 accedunt
537 2228 576 2287 ad
590 2230 722 2302 aliquam
746 2226 969 2287 similitudinem
989 2228 1083 2286 solis:
1106 2243 1168 2286 non

195 2313 275 2371 enim
302 2319 396 2372 tolum
420 2312 586 2384 imitantur,
616 2312 671 2370 sed
697 2312 857 2385 imaginem
878 2309 945 2369 eius
967 2311 1167 2385 figuramque.

197 2402 332 2454 aeterum
354 2394 426 2453 nihil
446 2395 559 2453 habent
579 2394 712 2468 ardoris,
736 2394 862 2453 hebetes
882 2410 918 2453 ao
932 2394 1076 2468 languidi.
1111 2394 1166 2453 His

197 2479 282 2551 quod
302 2494 412 2538 nomen
431 2478 626 2552 inponimus?
653 2494 690 2537 an
714 2478 792 2537 laaio
814 2477 898 2551 quod
918 2477 1086 2551 Vergilius,
1115 2477 1166 2549 qui

194 2560 344 2620 dubitavit
360 2561 399 2620 de
417 2562 553 2635 nomine,
575 2561 686 2620 deinde
707 2562 753 2634 id,
774 2562 814 2620 de
832 2576 893 2635 quo
911 2560 1076 2633 dubitarat,
1096 2576 1166 2633 pro·
1238 2571 1239 2574 ’

193 2645 323 2719 posuit?

478 2734 507 2787 et
520 2743 577 2801 quo
590 2734 618 2787 te
630 2730 746 2786 nomine
760 2726 866 2799 dicam,

300 2807 467 2885 Rhaetica?
488 2814 636 2871 buccellis
649 2812 714 2869 ideo
728 2813 870 2870 contende
884 2811 1031 2870 Falerna.

193 2893 267 2953 nihil
288 2907 361 2967 ergo
383 2893 522 2967 prohibet
537 2895 604 2953 illas
628 2893 802 2967 parhelia
824 2894 938 2953 vooari.
975 2894 1052 2953 Sunt
1066 2901 1197 2956 autem3

192 2976 343 3051 imagines
359 2977 434 3036 solis
449 2977 478 3035 in
494 2978 575 3037 nube
590 2978 692 3051 spissa
707 2984 737 3036 et
752 2978 850 3036 vicina
861 2976 890 3035 in
903 2978 1025 3037 modum
1038 2979 1165 3053 speculi.

195 3060 320 3133 quidam
338 3059 494 3133 parhelion
515 3061 556 3119 ita
572 3060 731 3119 definiunt:
753 3060 850 3119 nubes
871 3062 1002 3119 rotunda
1016 3069 1046 3119 ει
1064 3063 1164 3134 splen·

192 3142 266 3201 dida
282 3140 451 3217 similisque
466 3144 532 3203 soli.
556 3143 694 3218 sequitur
708 3144 786 3201 enim
803 3144 884 3201 illum
899 3158 956 3200 nea
968 3159 1089 3216 nmqanr
1102 3144 1164 3201 lon-

192 3226 263 3299 gius
283 3225 462 3299 relinquitur
477 3243 568 3300 quam
583 3226 651 3297 luit,
674 3242 741 3285 eum
759 3225 908 3299 adparuit.
944 3225 1092 3298 Numquis
1112 3240 1164 3283 no-

193 3316 290 3368 strum
301 3308 433 3390 miratur,
450 3310 475 3369 si
486 3311 561 3369 solis
572 3310 704 3383 elligiem
720 3308 748 3366 in
764 3308 866 3381 aliquo
881 3309 963 3366 tonte
978 3315 1029 3367 aut
1044 3308 1164 3381 placido

193 3393 263 3452 laou
279 3390 375 3450 vidtur
396 3408 472 3464 non,
488 3400 521 3453 ut
532 3400 614 3467 puta.
639 3391 722 3467 alqui
739 3392 842 3451 tamin
858 3391 978 3451 sublimi
993 3392 1087 3450 laoies
1099 3391 1165 3449 eius

194 3491 288 3549 quam
304 3474 453 3536 internos
469 3483 571 3550 potest
585 3477 685 3550 reddi,
703 3476 730 3536 si
746 3475 838 3535 modo
849 3474 962 3535 idonea
973 3480 1021 3534 est
1031 3474 1165 3545 materia,
1250 3529 1252 3534 ,

193 3574 273 3634 quae
288 3559 406 3618 reddat.

255 3641 320 3701 Xll.
349 3642 494 3716 Quotiens
516 3642 716 3702 delectionem
738 3643 813 3701 solis
834 3642 974 3701 volumus
996 3638 1194 3713 deprehen-1

193 3724 283 3797 dere,
305 3725 447 3801 ponimus
468 3726 587 3800 pelves,
612 3742 689 3802 quas
705 3731 757 3785 aul
771 3726 840 3784 oleo
855 3732 906 3783 aut
920 3724 989 3797 piae
1001 3722 1166 3798 inplemus,
