2942 4384
276 470 328 530 DE
348 468 560 530 BENEFICIIS
581 467 704 529 LIB.V‹
723 469 968 531 24.-Llss.v1.
990 479 1016 531 2.
1072 469 1132 532 107

216 620 273 679 reri
287 621 411 678 velleae
425 634 519 692 posse
529 618 668 678 secunda
678 615 773 677 virtus
783 624 840 676 est.
859 633 947 691 equos
958 618 1131 692 obsequen·

217 705 316 774 facies
331 718 438 777 parere
453 702 512 760 huc
527 701 598 760 illue
609 701 702 759 irenis
715 700 822 759 leniter
832 702 937 759 motis:
960 700 1132 761 flectendus

217 787 325 861 paucis
341 786 474 859 animuS,
497 786 544 843 sni
559 793 658 844 rector
673 785 815 858 optimus.
850 783 983 844 Proximi
998 786 1159 858 suntquis

217 870 301 939 inniti
322 869 349 926 in
373 868 451 926 viam
468 868 604 941 redeunt.
632 866 681 925 his
697 875 818 927 nonest
834 866 898 926 dux
915 866 1131 927 detrahendus,

217 952 278 1011 rtis
303 952 400 1010 oculis
422 952 501 1009 inest
521 951 620 1021 acies,
647 950 703 1008 sed
729 950 796 1009 sine
821 966 895 1022 usu,
918 967 1007 1023 quam
1030 951 1129 1009 lumen

229 1033 389 1093 inmissum
406 1035 443 1092 ad
459 1034 622 1092 ministeria
638 1049 694 1091 sna
710 1039 827 1093 evocat
850 1034 1049 1092 instrumenta
1063 1037 1130 1092 ces·

217 1127 238 1190 t,
262 1118 320 1175 nisi
340 1118 390 1175 illa
410 1117 437 1174 in
460 1132 538 1189 opns
554 1132 641 1174 suurn
657 1116 765 1174 artifex
780 1115 882 1175 movit.
917 1117 1000 1175 Inest
1014 1117 1159 1176 interim6

217 1200 263 1258 nis
278 1201 419 1259 voluntas
440 1199 535 1271 bona,
559 1199 614 1257 sed
635 1205 747 1271 torpet,
771 1200 863 1258 modo
878 1199 995 1257 deliciis
1010 1215 1046 1258 ae
1062 1201 1130 1270 situ,

217 1284 246 1342 lo
269 1283 361 1341 olficii
381 1283 510 1341 inscitia.
542 1281 620 1339 hanc
643 1281 744 1339 utilem
766 1282 866 1339 iacere
888 1280 1049 1354 donemus,
1074 1298 1130 1341 nee

217 1416 219 1424 i
240 1366 415 1437 relinquere
435 1366 463 1422 in
488 1364 572 1434 vitio,
602 1365 657 1422 sed
678 1372 709 1422 nt
729 1363 863 1437 magistri
887 1364 1034 1435 patienter
1051 1365 1130 1423 terre

217 1449 373 1506 nsationes
396 1463 557 1520 pomorum
579 1445 775 1516 discentium,
804 1446 967 1505 memoriae
990 1447 1128 1506 labentis.

217 1546 233 1589 e
249 1531 505 1603 quemadmodum
520 1544 615 1604 saepe
631 1530 769 1588 subiecto
784 1546 846 1587 uno
862 1529 912 1589 aut
928 1531 1023 1589 altero
1036 1530 1129 1588 acerbo

217 1620 389 1672 contextum
415 1612 589 1671 reddendae
615 1611 760 1672 orationis
781 1613 912 1671 adducta
932 1620 994 1686 est,
1023 1613 1068 1673 sic
1090 1613 1129 1671 ad

218 1696 346 1755 rendam
360 1696 485 1771 gratiam
501 1696 707 1756 admonitione
722 1697 896 1756 revocanda
911 1702 967 1755 est.

443 2027 477 2107 11
508 2024 647 2107 illini
673 2022 843 2106 inlidit

363 2192 655 2246 ,1111111111
679 2177 910 2241 nrannnnnn

217 2326 323 2419 nn
400 2310 1060 2422 nnnnniclls

537 2508 672 2570 LIBER
698 2509 748 2571 vi.

572 2655 722 2665 ——.-..-

217 2770 238 2828 l.
267 2768 438 2842 Quaedam,
466 2769 627 2841 Liberalia,
655 2766 789 2828 virorum
811 2768 938 2843 optime,
965 2770 1128 2829 exercendi

217 2868 266 2910 nm
288 2852 400 2924 ingenii
422 2868 515 2912 causa
537 2860 722 2926 quaeruntur
743 2862 773 2913 et
794 2869 917 2926 semper
936 2861 1021 2912 extra
1038 2854 1128 2913 litam

219 2942 260 2993 nt.
291 2935 440 3008 quaedam
462 2943 491 2995 et
512 2936 583 2994 dum
600 2945 802 3009 quaeruntur,-
822 2937 1042 2996 oblectamento
1058 2946 1129 2998 sunt

218 3017 336 3075 uaesita
352 3019 430 3076 usui.
466 3018 604 3077 Omnium
618 3020 669 3077 tibi
685 3020 805 3092 copiam
822 3020 939 3078 faciam.
961 3026 993 3077 tu
1007 3021 1066 3092 illa,
1083 3030 1127 3080 ut-

217 3115 283 3173 que
305 3101 356 3158 tibi
379 3100 475 3159 visum
499 3102 567 3170 erit,
592 3110 643 3160 aut
666 3103 769 3176 peragi
790 3102 891 3161 iubeto
912 3104 1017 3160 autad
1032 3104 1126 3176 expli-

217 3184 284 3242 lum
309 3184 448 3243 ludorum
473 3185 610 3244 ordinem
633 3184 745 3243 induci.
780 3184 832 3260 [in]
859 3183 907 3242 his
933 3199 1071 3257 quoque,
1101 3183 1128 3241 si

217 3282 236 3323 e
255 3266 384 3332 iusseris
407 3269 559 3340 protinus⁷
582 3267 717 3325 nonnihil
737 3275 836 3325 actum
859 3265 928 3323 erit:
952 3281 1020 3323 nam
1038 3266 1127 3324 etiam

217 3349 236 3406 d
252 3349 371 3407 discere
387 3365 612 3423 supervacuum
627 3356 689 3419 est,
714 3348 840 3422 prodest
855 3363 1053 3422 cognoscere.
1081 3348 1127 3405 Ex

217 3432 346 3505 uigitnr
368 3440 420 3491 tuo
441 3434 598 3508 pendebo=
627 3438 718 3505 prout
741 3432 791 3489 ille
813 3432 943 3491 suaserit
960 3432 1047 3502 mihi,
1069 3433 1128 3490 alia

217 3515 296 3573 nebo
312 3516 440 3589 diutins,
462 3518 521 3575 alia
535 3517 685 3590 expellam
700 3522 730 3573 et
745 3515 843 3588 capite
857 3531 955 3589 agam.

217 3598 249 3655 ll.
279 3600 332 3656 An
361 3599 595 3658 beneficium
617 3598 716 3671 eripi
738 3599 880 3672 possit,
911 3595 1156 3671 quaesituml

217 3723 219 3735 .
253 3681 383 3755 Quidam
398 3691 510 3756 negant
525 3698 629 3756 posse.
653 3698 714 3741 non
731 3681 810 3742 enim
823 3698 875 3743 res
890 3688 951 3755 est,
967 3681 1127 3742 seductio.
