2942 4384
428 467 481 526 DE
500 464 715 526 BENEFlCllS
735 464 809 526 LlB.
821 466 856 524 ll.
879 475 905 527 1.
919 474 946 526 2.
1135 465 1176 529 15

217 619 296 692 tito,
325 618 411 677 sine
437 618 518 676 ulla
546 615 797 676 dubitatione.
839 618 993 690 Ingratum
1015 626 1063 679 est
1083 619 1204 679 bene-2

217 698 320 774 icium,
348 700 435 774 quod
456 701 509 759 diu
529 700 606 758 inter
631 716 737 759 manus
759 700 858 759 dantis
874 701 986 773 haesit,
1008 703 1090 775 quod
1107 706 1175 777 quis

218 797 294 858 segre
314 784 465 843 dimittere
487 783 571 841 visus
592 790 640 841 est
659 791 689 843 et
706 783 750 841 sio
765 784 839 842 dare
854 790 1006 858 tamquam
1021 784 1102 860 [sibi]
1119 787 1174 845 eri-

218 874 336 941 paretur.
371 867 471 926 Etiam
486 865 511 924 si
528 865 601 939 quid
616 882 720 924 morae
737 866 911 939 intervenit,
934 868 1081 926 evitemus
1094 869 1174 928 omni

218 941 296 1017 {modo
319 964 359 1007 no
377 948 567 1007 deliberasse
581 948 748 1008 videamur.
778 949 935 1023 proximus
951 957 999 1009 est
1013 967 1031 1008 a
1045 957 1175 1024 negante

218 1030 263 1104 iani
280 1031 444 1103 dubitavit,
463 1031 638 1103 nullamque
659 1030 731 1090 iniet
746 1031 881 1104 gratiam.
908 1049 977 1090 nam
994 1049 1063 1093 cum
1079 1034 1107 1091 in
1125 1033 1176 1092 be·

219 1114 314 1174 'elicio
328 1113 555 1173 iucundissima·
566 1113 606 1173 sit
618 1113 775 1174 tribuentis
787 1115 943 1188 voluntas,
960 1116 1012 1190 qui
1024 1117 1175 1175 nolentem
1217 1112 1220 1117 ’

222 1206 252 1254 ‘ta
259 1198 400 1256 tribuisse
414 1194 483 1270 ipsa
498 1196 690 1256 cunctatione
704 1204 832 1256 testatus
849 1206 910 1270 est,
933 1215 993 1259 uon
1007 1199 1103 1271 dedit,
1119 1199 1176 1258 sed

222 1278 354 1339 adversus
371 1279 533 1338 ducentem
547 1280 626 1337 male
642 1281 778 1338 retinuit=
800 1282 884 1339 multi
896 1287 995 1339 autem
1010 1290 1081 1341 sunt
1097 1298 1175 1355 quos

221 1359 338 1422 matis
354 1362 427 1421 lacit
439 1363 547 1422 frontis
560 1362 727 1422 infirmitas.
758 1362 937 1421 Gratissima
948 1370 1018 1421 sunt
1028 1363 1204 1422 beneficiati

225 1453 324 1519 perata,
354 1443 470 1515 facilia,
500 1444 704 1517 occurrentia,
732 1445 785 1504 ubi
806 1446 889 1503 nulla
903 1460 988 1503 mora
1003 1445 1058 1503 luit
1072 1445 1131 1504 nisi
1146 1445 1176 1503 in

225 1527 384 1602 accipientis
407 1527 601 1586 verecundia.
640 1527 792 1602 Optimum
818 1536 865 1588 est
890 1528 1072 1586 antecedere
1096 1528 1176 1586 desi·

223 1606 319 1670 denum
337 1610 504 1683 cuiusque,
527 1610 698 1685 proximum
720 1611 818 1685 sequi.
847 1612 921 1670 illud
936 1611 1058 1685 melius,
1086 1626 1177 1671 occu-

221 1706 280 1768 pare
293 1702 460 1768 antequam
473 1709 630 1767 rogemur,
653 1694 736 1768 quia,
760 1709 826 1752 cum
842 1694 956 1753 homini
969 1695 1065 1768 probo
1077 1694 1117 1753 ad
1127 1711 1177 1755 ro·

219 1779 338 1849 gendum
352 1793 391 1836 os
407 1783 569 1835 concurrat
583 1785 613 1835 et
627 1775 829 1836 sublundatur
844 1778 952 1848 rubor,
976 1778 1027 1852 qui
1043 1778 1102 1837 boc
1116 1785 1176 1838 tor-

217 1868 338 1936 mentum
349 1858 480 1930 remittit,
496 1859 674 1933 multiplicat
684 1877 794 1919 munus
808 1877 905 1920 suum.
930 1861 996 1921 Non
1009 1862 1074 1920 tulit
1085 1862 1177 1934 gratis
1189 1864 1206 1915 4

217 1942 272 2016 qui,
295 1959 364 2003 cum
381 1949 538 2016 rogasset,
560 1943 694 2017 accepit,
718 1943 1015 2018 quoniamquidem,
1036 1952 1069 2003 ut
1084 1946 1176 2004 maio·

217 2025 289 2086 ibus
314 2026 448 2098 nostris,
477 2025 667 2099 gravissimis
691 2025 781 2096 viria,
811 2026 909 2084 visum
932 2034 994 2098 est,
1019 2028 1101 2085 nulla
1126 2043 1176 2085 res

217 2110 306 2169 arius
325 2115 446 2168 constat
461 2125 551 2181 quam
567 2125 646 2183 quae
661 2109 803 2183 precibus
819 2115 921 2181 empta
936 2116 992 2168 est.
1027 2110 1109 2167 Vota
1122 2108 1177 2169 ho-

217 2193 302 2251 nines
326 2192 450 2265 parcius
468 2193 617 2264 lacerent,
638 2194 664 2251 si
679 2193 779 2266 palam
795 2190 934 2251 iacienda
951 2199 1070 2250 essent:
1098 2191 1176 2251 adeo

217 2275 293 2334 itiam
315 2276 412 2347 deoS,
444 2274 556 2347 quibus
582 2274 797 2335 honestissime
824 2274 1054 2350 supplicamus,
1087 2276 1177 2335 tacite

217 2361 355 2418 nalumus
371 2366 401 2416 et
417 2358 495 2416 intra
509 2359 714 2432 nosmetipsos
731 2357 859 2432 precari.
1178 2414 1182 2425 ,

265 2443 303 2500 ll.
333 2441 496 2500 Molestum
516 2441 642 2499 verbum
658 2449 719 2514 est,
742 2457 921 2513 onerosum,
945 2441 1079 2501 demisso
1093 2445 1204 2501 noltul

217 2525 384 2595 licendum,
399 2539 505 2597 rogo.
528 2523 617 2583 buius
633 2525 773 2584 iacienda
787 2533 834 2584 est
849 2526 945 2598 gratia
960 2526 1056 2584 amico
1072 2532 1102 2584 et
1116 2525 1177 2583 cui-

219 2622 347 2682 umque,
362 2610 452 2680 quem
464 2606 592 2665 amioum
605 2607 649 2665 sis
662 2607 863 2681 promerendo
875 2609 1020 2666 facturus.
1034 2614 1180 2680 properet

217 2694 288 2762 icet,
312 2704 385 2748 sero
406 2690 587 2748 beneficium
609 2690 693 2746 dedit
708 2689 759 2762 qui
780 2689 899 2760 roganti
915 2687 1008 2747 dedit.
1045 2688 1117 2746 ldeo
1134 2687 1177 2745 di-

217 2774 342 2833 ‘inanda
357 2773 506 2846 cuiusque
522 2775 661 2831 voluntas
678 2779 722 2843 et,
747 2787 815 2831 enm
827 2770 978 2830 intellecta
989 2778 1049 2844 est,
1071 2786 1178 2828 neees-

218 2857 293 2916 itate
310 2856 493 2928 gravissima
509 2853 637 2929 rogandi
653 2855 810 2914 liberanda
825 2862 886 2914 est:
909 2856 982 2914 illud
997 2855 1177 2914 beneficium

217 2940 373 3000 reundum
389 2939 599 3012 victurumque
614 2938 643 2995 in
659 2940 758 2998 animo
774 2939 871 3011 scias,
892 2938 976 3013 quod
991 2939 1111 2998 obviam
1125 2953 1177 2996 ve-

222 3026 256 3083 it.
301 3021 337 3080 Si
359 3039 420 3080 non
444 3022 590 3094 contingit
611 3023 803 3094 praevenire,
826 3022 914 3095 plura
933 3023 1069 3094 rogantis
1084 3020 1206 3082 ver-baa

218 3104 439 3174 rtercidamus,
469 3120 507 3162 ne
531 3104 629 3178 rogati
652 3104 825 3177 videamur,
855 3103 911 3162 sed
936 3105 1081 3164 certiores
1107 3103 1178 3160 lacti

218 3192 305 3249 tatim
334 3189 563 3261 promittamus,
594 3189 792 3262 facturosque
818 3202 875 3244 nos
901 3186 991 3244 etiam
1016 3192 1178 3258 antequam

217 3272 456 3346 nterpellemur,
489 3271 557 3344 ipsa
587 3271 778 3329 testinatione
806 3267 1023 3341 adprobemus.
1069 3267 1177 3337 Quem-

220 3355 374 3417 dmodum
390 3355 420 3412 in
436 3355 536 3427 aegris
552 3353 763 3428 opportunitas
776 3350 835 3410 cibi
846 3350 986 3409 salutaris
999 3356 1046 3410 est
1057 3357 1087 3408 et
1099 3364 1178 3423 aqua

217 3439 389 3515 empestive
417 3438 489 3495 data
514 3437 640 3496 remedii
664 3437 765 3495 locum
787 3434 927 3508 obtinuit,
955 3434 1008 3508 ita,
1038 3433 1176 3509 quamvis

217 3539 269 3584 eve
291 3529 325 3582 et
344 3522 471 3594 volgare
486 3518 667 3580 beneficium
684 3519 737 3590 sit,
760 3518 786 3577 si
802 3525 925 3593 praesto
941 3519 1009 3591 suit,
1033 3517 1059 3575 si
1075 3518 1176 3590 proxi·
1210 3593 1211 3599 ἵ

217 3624 281 3667 nam
307 3619 466 3678 quamque
486 3603 593 3663 horam
613 3619 673 3661 non
698 3602 843 3677 perdidit,
869 3604 994 3661 multum
1015 3599 1073 3660 sibi
1087 3600 1178 3661 adicit

217 3692 400 3765 ratiamque
415 3687 543 3763 pretiosi
558 3687 614 3746 sed
630 3685 702 3746 lenti
716 3695 747 3748 et
761 3685 813 3748 diu
828 3684 949 3760 cogitati
964 3686 1097 3746 muneris
1114 3687 1177 3776 vin·
