2942 4384
398 476 538 538 NATUR.
555 468 719 550 quaest
737 476 811 537 Lm.
823 477 861 539 V.
873 484 981 541 ,ε-ε.
1115 478 1179 544 259

265 630 317 688 vl.
341 630 387 689 De
402 644 484 703 aqua
498 628 589 688 dicct
608 627 703 702 igme,
720 628 772 702 qui
787 627 887 687 omnia
899 626 1064 703 consumit,
1084 644 1179 703 quae·

201 712 273 771 dam
294 721 390 786 creat,
414 721 444 770 et
459 713 543 785 quod
558 712 654 770 videri
670 728 729 770 non
747 719 849 783 potest
864 711 961 769 simile
977 713 1054 782 veri,
1075 721 1177 773 tannen

199 812 308 855 nerum
329 802 391 866 εει,
415 795 555 853 annualia
575 793 645 868 igne
665 795 812 867 generari.
844 794 943 852 Habet
958 810 1030 867 ergo
1048 795 1106 853 vim
1123 797 1175 855 ali-

201 894 294 952 quam
314 879 404 936 talem
420 894 473 935 aer
487 885 517 936 et
529 878 599 937 ideo
614 878 707 936 modo
722 877 838 950 spissat
853 893 902 950 se,
925 879 1015 936 modo
1031 880 1177 951 expandit

201 976 237 1019 se
257 967 287 1019 et
305 966 416 1034 purgat
436 967 466 1019 el
484 960 560 1020 alias
582 960 746 1032 contrahit,
768 960 883 1019 diducit
904 976 941 1018 ac
964 960 1073 1020 diiiert.
1108 963 1176 1021 Hoc
1253 969 1255 972 ’

201 1058 275 1116 ergo
297 1045 422 1105 interest
441 1044 518 1101 inter
537 1046 609 1101 adra
630 1049 660 1101 et
681 1051 817 1115 ventum,
840 1044 924 1118 quod
940 1045 1017 1103 inter
1031 1045 1129 1103 lacum
1146 1054 1176 1105 et

200 1124 324 1184 flumen.
366 1127 539 1200 Aliquando
562 1142 617 1199 per
637 1142 671 1185 se
692 1127 760 1199 ipse
778 1127 825 1184 sol
841 1139 936 1186 causa
951 1128 1031 1186 venti
1047 1137 1094 1186 est
1108 1129 1174 1187 iun·
1252 1202 1254 1205 Ι

200 1210 278 1268 dens
293 1209 439 1281 rigentem
454 1212 525 1266 adra
540 1216 623 1268 etex
637 1208 734 1268 denso
750 1217 920 1281 coactoque
936 1209 1105 1282 explicans.

264 1292 328 1350 Vll.
351 1292 389 1349 In
411 1292 631 1350 universum
654 1292 700 1350 de
720 1290 848 1351 ventis
871 1291 1053 1361 dixImus‚
1077 1305 1202 1355 nuncl

198 1374 346 1433 viritim
373 1375 607 1447 incipiamus
629 1374 722 1433 illos
744 1381 945 1432 excutere:
974 1376 1106 1434 fortasse
1121 1377 1174 1434 ad·
1286 1377 1288 1379 ’

198 1458 321 1531 parebit
340 1458 597 1530 quemadmodum
617 1456 706 1530 fiant,
733 1457 760 1515 si
780 1456 969 1530 adparuerit,
1000 1458 1121 1529 quando
1145 1466 1176 1517 ct
1256 1513 1260 1517 Α

198 1542 283 1600 unde
307 1541 482 1614 procedant.
524 1540 684 1598 Priinum
705 1554 796 1613 ergo
822 1542 1080 1599 antelucanos
1102 1542 1174 1599 lla-

199 1632 260 1683 tus
287 1623 557 1697 inspiciamus,
587 1623 639 1696 qui
659 1630 710 1681 aut
730 1638 770 1680 ex
792 1620 966 1681 fluminibus
982 1630 1172 1682 autexcon-

200 1707 330 1765 vallibus
352 1714 403 1765 aul
423 1722 462 1764 ex
481 1707 583 1780 ailquo
604 1706 673 1764 sinu
687 1707 833 1764 feruntur.
866 1705 972 1765 Nullus
988 1722 1026 1763 ex
1041 1706 1089 1765 his
1104 1716 1201 1780 per-2

198 1790 284 1848 tinax
307 1796 368 1860 est,
398 1790 454 1847 sed
476 1789 556 1847 cadit
578 1788 702 1847 sortione
719 1788 777 1847 iam
794 1790 861 1847 sole
876 1805 933 1847 nec
949 1791 1005 1847 lert
1023 1793 1100 1848 ultra
1115 1799 1172 1850 ter-

198 1888 301 1930 rarum
317 1878 525 1945 conspectum.
557 1871 624 1930 Hoc
637 1878 795 1930 ventorum
806 1887 904 1943 genus
916 1872 1021 1945 incipit
1032 1889 1104 1931 vere
1116 1889 1173 1932 nec

200 1956 284 2027 ultra
301 1963 444 2014 aestatem
461 1955 550 2012 durat
563 1962 592 2013 et
612 1953 682 2012 inde
698 1954 829 2012 maxime
843 1953 940 2027 venit,
960 1956 1011 2012 ubi
1025 1972 1173 2028 aquarum

199 2030 361 2113 plurImum'
376 2046 406 2097 et
420 2038 561 2097 montium
578 2045 632 2096 est.
658 2037 747 2110 plana
761 2038 831 2095 licet
842 2036 998 2095 abundent
1008 2039 1107 2113 aquis,
1123 2054 1171 2097 ca-

198 2130 267 2182 rent
281 2138 369 2196 aura,
391 2122 448 2179 hac
464 2121 549 2190 dico,
573 2136 652 2196 quae
669 2136 724 2192 pro
741 2126 832 2178 vento
848 2122 936 2178 valet.

261 2206 340 2262 VIII.
371 2203 591 2276 „Quomodo
618 2218 690 2275 ergo
720 2202 813 2261 tells
843 2203 963 2262 slatus
996 2203 1200 2277 concipi-1

200 2296 274 2357 tur,
298 2303 405 2361 quem
422 2284 555 2346 Graeci
576 2286 792 2359 encolpiam
808 2280 991 2345 ιιοέειηιια
1021 2285 1173 2360 Quicquid

198 2386 238 2428 ex
259 2385 295 2428 se
317 2370 444 2444 paludes
466 2378 495 2429 et
511 2368 636 2428 flumina
650 2370 818 2441 remittunt,
840 2369 870 2427 id
888 2379 987 2428 autem
1003 2372 1172 2430 etmultum

197 2460 246 2512 est
261 2460 292 2512 et
303 2454 478 2524 adsiduum,
501 2468 554 2525 per
567 2452 647 2511 dlem
659 2452 734 2511 soIIs
747 2452 920 2512 allmentum
932 2460 987 2511 est.
1010 2461 1099 2511 nocte
1111 2469 1173 2511 non

198 2536 376 2595 exhauritur
396 2544 427 2595 el
448 2536 600 2595 montibus
621 2536 771 2593 Inclusum
789 2534 819 2593 in
834 2552 924 2593 unam
939 2537 1093 2608 regionem
1110 2538 1171 2595 col-

198 2619 309 2692 ligitur.
331 2634 398 2677 cum
413 2620 493 2680 illam
508 2618 634 2696 inplevit
649 2625 678 2676 et
692 2618 752 2675 iam
767 2631 802 2676 se
817 2634 877 2676 non
890 2618 979 2690 capit,
995 2619 1172 2691 exprImitur

198 2702 304 2776 aliquo
325 2702 404 2761 etin
424 2718 515 2760 unam
534 2708 648 2774 partem
667 2700 821 2774 procedit:
844 2700 892 2758 hic
907 2708 1016 2759 ventus
1032 2708 1088 2759 est.
1117 2701 1171 2759 ita-

198 2800 262 2859 que
282 2801 320 2844 eo
340 2784 497 2855 Incumbit,
521 2800 582 2858 quo
603 2784 725 2843 liberior
745 2783 844 2843 exitus
860 2783 966 2841 Invitat
980 2792 1010 2842 et
1022 2784 1081 2843 loci
1098 2784 1195 2845 laxi.

197 2875 263 2938 tas,
286 2868 315 2926 in
332 2884 422 2941 quarn
437 2874 617 2929 coacervata
632 2868 802 2925 decurrant.
836 2866 998 2951 Huius0rei
1012 2877 1200 2940 argumena

197 2959 263 3010 tum
278 2957 339 3022 est,
359 2952 442 3025 quod
457 2952 552 3024 prima
568 2950 665 3009 noctis
683 2956 766 3023 parte
779 2966 838 3008 non
852 2951 962 3024 spirat,
977 2950 1083 3025 incipit
1092 2951 1173 3010 enim

198 3034 265 3092 lieri
286 3034 337 3091 illa
353 3033 507 3104 collectio,
534 3048 612 3106 ‘luae
627 3034 708 3091 circa
724 3034 822 3091 lucem
836 3034 896 3091 iam
911 3036 1000 3107 plena
1015 3041 1070 3092 est.
1099 3050 1172 3093 one-

198 3123 265 3175 rata
285 3118 416 3191 quaerit,
445 3131 506 3189 quo
528 3115 657 3187 defluat,
686 3124 715 3173 et
735 3131 773 3173 eo
800 3116 990 3188 potissimum
1016 3117 1091 3186 exit,
1120 3118 1172 3175 ubi

200 3200 360 3273 plurimum
376 3198 464 3258 vacui
480 3206 567 3258 estet
578 3214 687 3270 magna
698 3212 733 3254 ac
747 3204 854 3269 patens
867 3212 947 3255 area.
959 3197 1172 3257 ‘adicitautem
1190 3205 1195 3214 ’

198 3283 227 3340 ei
249 3282 389 3343 stimulos
410 3290 494 3341 ortus
513 3282 588 3341 solis
610 3281 722 3339 feriens
742 3279 874 3351 gelidum
889 3282 969 3337 aera.
998 3295 1068 3337 nam
1082 3281 1172 3339 etiam

198 3374 362 3441 antequam
376 3367 538 3439 adpareat,
558 3363 670 3423 lumine
684 3362 754 3436 ipso
770 3363 850 3421 valet
862 3370 891 3421 el
903 3362 1036 3421 nondum
1049 3363 1172 3436 quidem

197 3449 294 3509 radiis
307 3452 379 3509 aera
390 3449 520 3523 Inpellit,
536 3448 595 3506 iam
608 3454 707 3505 tamen
718 3446 842 3505 lacessit
853 3453 882 3505 et
892 3444 993 3505 inritat
1003 3446 1071 3503 luce
1085 3461 1171 3518 prae·
1268 3477 1270 3479 ·

198 3533 310 3593 missa:
333 3548 402 3591 nam
423 3532 574 3605 cumipse
590 3530 756 3604 processit,
776 3529 835 3588 alia
850 3530 992 3602 superius
1005 3530 1200 3603 repleamus

199 3616 259 3674 alia
281 3615 488 3675 distrahuntur
507 3621 629 3687 tepore:
656 3613 726 3672 ideo
749 3628 811 3671 non
830 3613 909 3672 ultra
923 3612 1097 3671 matutinum
1112 3611 1172 3672 illis

199 3699 289 3759 datur
303 3698 408 3760 fluere.
431 3698 530 3758 omnis
544 3697 663 3756 illorum
679 3696 726 3755 vis
741 3703 909 3769 conspectu
920 3694 1171 3817 solis*exstingui·

487 3794 491 3801 ’
955 3787 986 3841 II
