2942 4384
316 458 379 521 290
605 458 638 516 L.
659 458 805 518 Auunci
828 457 1002 518 SENECAE

316 619 403 687 parte
415 626 622 686 suppressam.
638 610 719 668 idem
727 608 842 669 Sidone
854 608 1006 669 accidisse
1013 608 1179 670 Posidonio
1189 611 1290 670 crede.

316 712 373 756 nec
388 696 425 754 ad
443 696 502 754 hoc
518 694 645 753 testibus
661 708 742 767 opus
757 700 818 752 est:
841 692 1030 752 meminimus
1046 693 1125 751 euim
1139 694 1231 753 terris
1248 694 1290 752 in-

315 789 401 840 terno
427 785 510 837 motu
535 777 663 835 divulsis
689 778 758 836 loca
782 777 910 835 disiecta
933 782 962 833 et
987 792 1113 850 campos
1137 778 1290 836 interisse.

316 863 416 937 quod
449 860 521 920 iam
553 861 692 938 dicam,
725 858 1041 934 quemadmodum
1071 860 1290 919 existimem

316 945 415 1003 lieri.
1234 1003 1240 1015 ,

288 1039 303 1089 1
376 1028 468 1088 XXV.
493 1027 566 1086 Cum
582 1025 707 1100 spiritus
722 1042 833 1101 magna
846 1027 876 1085 vi
889 1042 1016 1085 vacuum
1028 1034 1177 1085 terrarum
1190 1027 1290 1086 locum

317 1112 437 1186 penitus
453 1110 589 1185 opplevit
602 1110 767 1184 coepitque
781 1111 873 1169 rixari
887 1117 917 1169 et
931 1111 969 1168 de
985 1112 1068 1169 exitu
1080 1108 1233 1183 cogitare,
1250 1111 1290 1167 la-

315 1204 380 1253 tera
396 1195 478 1267 ipsa,
500 1195 576 1252 iuter
593 1210 671 1265 quae
688 1195 771 1268 latet,
792 1194 917 1267 saepius
935 1194 1077 1267 percutit,
1101 1210 1195 1266 supra
1212 1206 1291 1267 quae

316 1277 408 1336 urbes
424 1278 573 1335 interdum
589 1277 665 1334 sitae
680 1283 760 1335 sunt.
787 1278 862 1335 haec
880 1293 1107 1350 nonnumquam
1123 1276 1202 1334 adeo
1219 1291 1291 1334 con-

317 1362 477 1432 cutiuntur,
501 1367 534 1418 ut
548 1359 687 1417 aedilicia
702 1359 899 1434 superposita
912 1360 1125 1432 procumbant,
1142 1376 1290 1417 nonnum·

316 1460 408 1517 quam
423 1445 452 1501 in
470 1451 596 1514 tautum,
612 1451 644 1502 ut
659 1443 806 1515 parietes,
825 1443 935 1517 quibus
953 1443 1046 1501 fertur
1058 1457 1147 1501 omne
1158 1443 1289 1517 tegimen

317 1527 399 1598 cavi,
422 1526 565 1585 decidant
585 1526 614 1584 in
637 1526 718 1583 illum
742 1526 1005 1585 subtervacautem
1026 1528 1128 1585 locum
1148 1533 1290 1597 totaeque

288 1608 408 1670 hurbes
430 1610 458 1679 in
481 1608 649 1667 inmensam
675 1609 863 1667 altitudinem
890 1616 1023 1681 vergant.
1066 1608 1097 1667 Si
1125 1610 1201 1666 velis
1228 1624 1289 1666 cre·

317 1693 405 1763 dere,
428 1693 510 1749 aiunt
524 1691 688 1762 aliquando
705 1690 813 1750 Ossam
827 1690 957 1768 Olympo
971 1692 1164 1763 cohaesisse,
1180 1690 1291 1750 deinde

251 1821 255 1833 .
317 1783 463 1834 terrarum
485 1780 569 1832 motu
588 1774 759 1833 recessisse
781 1783 810 1833 el
828 1775 935 1833 fissam
949 1774 1038 1833 unius
1054 1774 1291 1848 magnitudinem

317 1855 428 1915 montis
448 1856 476 1913 in
500 1857 576 1914 duas
593 1865 703 1930 partes.
729 1865 801 1917 tunc
816 1857 963 1932 effugisse
976 1858 1113 1928 Peneon,
1139 1858 1192 1931 qui
1208 1858 1288 1931 palu·

318 1941 390 2013 des,
412 1940 523 2013 quibus
545 1940 692 2018 laboravit
708 1941 881 2012 Thessalia,
905 1942 1031 2000 siccavit
1044 1940 1186 1999 abductis
1202 1941 1231 1998 in
1248 1955 1289 2009 se,

319 2039 398 2096 qliae
414 2024 480 2083 siue
496 2017 578 2081 exitu
590 2031 818 2096 stagnaverant,
837 2022 936 2097 aquis.
971 2024 1076 2082 Ladon
1088 2022 1202 2083 flumen
1216 2024 1291 2081 inter

317 2107 383 2166 Elin
405 2113 435 2164 et
455 2106 678 2181 Megalenpolin
700 2108 817 2165 medius
839 2116 900 2180 est,
923 2114 1016 2181 quem
1029 2116 1176 2166 terrarum
1191 2112 1290 2165 motus

290 2189 432 2249 deffudit.
469 2190 526 2246 Per
547 2190 604 2248 hoc
627 2191 698 2264 quid
723 2190 841 2264 probo?
870 2190 899 2248 in
922 2192 1009 2248 laxos
1032 2205 1145 2264 specus
1159 2225 1205 2237 -
1219 2188 1290 2262 quid
1322 2201 1324 2205 ’

318 2272 398 2331 euim
417 2271 497 2330 aliud
522 2272 672 2345 adpellem
694 2275 763 2333 loca
784 2289 881 2332 vacua
902 2274 959 2332 sub
981 2280 1136 2332 terral—
1152 2273 1288 2345 spiritum

319 2355 491 2414 convenire.
520 2356 604 2428 quod
625 2356 682 2414 nisi
699 2364 800 2435 esset,
818 2372 928 2429 magna
942 2364 1088 2415 terrarum
1103 2356 1205 2429 spatia
1221 2371 1288 2414 con·

318 2445 512 2498 moverentur
529 2446 559 2496 et
579 2455 639 2497 una
660 2440 753 2499 inulta
773 2440 948 2501 titubarent:
978 2455 1058 2497 nune
1073 2438 1205 2514 exiguae
1224 2454 1289 2515 par·

317 2530 363 2579 tes
380 2520 518 2580 laborant
531 2537 588 2580 nec
604 2539 746 2597 umquam
763 2540 817 2597 per
832 2524 961 2583 ducenta
978 2525 1058 2582 milia
1071 2531 1173 2584 motus
1188 2532 1287 2583 exten·

318 2605 406 2664 ditur.
448 2604 529 2663 Ecce
550 2605 613 2679 hic,
642 2606 694 2681 qui
714 2608 839 2681 inplevit
855 2607 964 2665 sabulis
980 2607 1098 2677 orbem,
1121 2623 1179 2668 nec
1194 2617 1290 2668 trans-

289 2688 437 2749 lscendit
457 2688 660 2761 Campaniam.
697 2690 774 2762 Quid
795 2692 908 2762 dicam,
933 2707 1000 2749 cum
1023 2690 1141 2750 Chalcis
1165 2690 1290 2762 tremuit,

318 2772 437 2829 Thebas
453 2772 595 2831 stetisse?
617 2788 684 2831 cum
700 2774 848 2834 laboravit
861 2775 1004 2848 Aegium,
1025 2782 1084 2831 tam
1102 2775 1290 2848 propinquas

318 2855 358 2912 illi
379 2854 482 2914 Patras
504 2855 543 2911 de
568 2864 650 2915 motu
672 2857 744 2915 nihil
765 2858 911 2916 audisse?
937 2857 986 2915 illa
1008 2865 1093 2916 vasta
1115 2858 1290 2926 concussio,

319 2952 398 3010 quae
415 2938 491 2994 duas
508 2942 681 3010 suppressit
694 2940 802 3011 urbes,
824 2941 948 2999 Helicen
966 2949 995 3000 el
1009 2941 1115 3017 Burin,
1137 2942 1218 2999 circa
1232 2944 1289 2997 Ae-

319 3020 398 3092 gium
416 3019 557 3078 constitit.
594 3021 730 3094 Adparet
746 3037 833 3096 ergo,
855 3024 884 3081 iu
901 3031 1016 3083 tantum
1031 3026 1163 3097 spatium
1179 3032 1291 3083 motum

320 3102 514 3176 protendere,
535 3112 678 3177 quantum
694 3104 744 3163 illa
759 3106 817 3165 sub
832 3107 919 3165 terris
935 3109 1071 3167 vacantis
1090 3107 1149 3166 loci
1161 3107 1291 3166 inanitas

320 3193 428 3260 pateat.

290 3282 305 3332 1
379 3270 486 3330 XXVI.
512 3271 649 3331 Poteram
673 3274 712 3331 ad
732 3273 792 3332 hoc
811 3274 999 3347 probandum
1017 3274 1097 3334 abuti
1113 3274 1292 3333 auctoritate

319 3369 495 3427 magnorum
517 3355 667 3429 virorum,
692 3357 743 3431 qui
761 3357 935 3432 Aegyptum
951 3374 1115 3430 numquam
1130 3356 1291 3415 tremuisse

318 3437 447 3496 tradunt.
469 3438 616 3497 rationem
631 3447 730 3498 autem
743 3440 833 3499 huius
845 3442 888 3499 rei
900 3440 978 3499 hanc
990 3442 1137 3513 reddunt,
1156 3441 1242 3513 quod
1254 3455 1292 3524 erl

319 3521 388 3578 limo
403 3527 466 3579 tota
481 3523 678 3581 concreverit.
704 3530 817 3583 tanturn
834 3524 928 3595 euim,
950 3524 976 3583 si
991 3524 1124 3583 Homero
1140 3524 1219 3583 fides
1236 3531 1291 3595 est,

320 3602 422 3672 aberat
444 3620 461 3662 a
482 3604 645 3663 continenti
660 3605 792 3678 PharoS,
813 3615 957 3680 quantum
972 3608 1059 3666 navis
1074 3606 1184 3666 diurno
1200 3622 1292 3666 cursu

319 3684 415 3744 metiri
429 3685 528 3761 plenis
544 3690 604 3748 lata
619 3689 694 3748 velis
709 3697 827 3765 potest,
848 3691 904 3751 sed
919 3689 1084 3751 continenti
1096 3690 1219 3759 admota
1230 3698 1290 3750 est:
