2942 4384
337 460 479 519 NATUR.
495 458 657 532 QUAEST.
678 459 828 519 LlB.VlI.
849 468 982 524 27-30.
1086 460 1148 525 315

259 610 290 669 in
303 610 380 669 sicco
394 610 501 668 ludant
509 608 626 681 fulicae
639 613 779 681 notusque
790 608 917 682 paludes

258 693 467 765 decernoque
481 695 572 750 altum
585 707 680 765 snpra
694 694 773 750 volut
785 692 881 749 ardea
894 691 1008 764 nubem,
1072 762 1078 773 ο

172 775 229 835 sed
245 773 306 848 sie,
325 774 479 847 quomodo
495 774 718 847 aequinoctium
734 773 765 831 in
781 774 912 832 calorem
924 773 1081 848 frigusque
1092 774 1147 834 ile·

172 855 283 917 clentis
304 858 389 927 anni,
413 856 567 930 quomodo
586 854 649 928 illa,
672 871 752 929 quae
770 856 912 915 Chaldaei
927 864 1052 929 canunt,
1074 859 1147 930 quid

171 941 261 999 stella
275 939 472 999 nascentibus
484 940 567 998 triste
579 939 729 997 laetumve
741 938 912 998 constituat.
945 941 1011 999 Hoc
1023 947 1055 999 ut
1065 941 1146 1000 scias
1158 947 1175 998 2

170 1022 212 1081 ita
232 1037 320 1095 esse,
343 1038 405 1082 non
425 1024 525 1080 statim
540 1028 674 1081 cometes
690 1028 775 1081 ortus
790 1029 898 1081 ventos
913 1028 942 1080 et
957 1022 1076 1097 pluvias
1092 1024 1146 1080 mi-

170 1111 267 1177 natur,
283 1111 315 1163 ut
326 1105 505 1164 Aristoteles
518 1105 567 1177 uit,
580 1105 635 1163 sed
648 1121 759 1163 annum
771 1112 864 1163 lotum
879 1113 1055 1179 suspectum
1068 1106 1146 1165 lacit.

170 1203 207 1247 ex
225 1204 287 1261 quo
308 1188 437 1261 adparet
450 1188 531 1246 illurn
548 1204 608 1246 non
624 1203 664 1246 ex
678 1188 818 1261 proximo
836 1188 959 1261 quaein
977 1189 1147 1262 proximum

170 1272 257 1330 daret
271 1271 359 1343 signa
375 1272 519 1343 traxisse,
541 1271 596 1329 sed
612 1270 725 1329 habere
736 1270 873 1343 reposita
883 1277 913 1328 et
924 1286 1093 1344 conpressa
1104 1272 1145 1330 le·

169 1353 260 1427 gibus
272 1353 385 1412 mundi.
414 1352 497 1412 Fecit
508 1353 557 1412 hic
570 1360 719 1425 cometes,
735 1353 787 1426 qni
798 1352 956 1413 Paterculo
968 1354 1145 1427 elVopiseo

169 1436 350 1495 consulibus
365 1436 519 1510 adparuit,
543 1451 622 1509 qnae
639 1436 677 1494 ab
696 1435 858 1495 Aristotele
872 1436 1173 1509 Theophrastoquee

169 1525 242 1578 sunt
264 1518 425 1592 praedicta.
456 1520 576 1578 luerunt
590 1517 667 1577 eninr
686 1518 836 1577 maximae
851 1526 880 1578 et
895 1518 1055 1579 continuae
1072 1528 1145 1579 tem·

168 1608 305 1676 pestates
326 1601 453 1676 ubique=
482 1607 513 1661 at
532 1602 563 1659 in
577 1601 694 1661 Achaia
709 1601 952 1677 Macedoniaque
971 1603 1064 1662 urbes
1086 1610 1144 1662 ler-

168 1701 273 1744 rarum
289 1692 373 1743 motu
386 1692 530 1758 prorutae
546 1692 626 1745 sunt.

233 1766 340 1826 XXIX·
369 1767 545 1840 ‚,TardilaS,
577 1766 689 1842 inquit,
721 1768 839 1828 illorum
864 1775 1071 1841 argumentum
1099 1776 1172 1829 estl

168 1850 328 1925 graviores
341 1865 412 1910 esse
424 1852 611 1924 multumque
623 1850 652 1908 in
665 1865 699 1909 se
710 1850 824 1909 habere
835 1850 962 1923 terreni,
977 1851 1044 1925 ipse
1056 1866 1144 1924 prae«

167 1940 252 1993 terea
265 1947 389 1993 cursus:
405 1934 469 1993 lere
482 1934 560 1993 enim
573 1934 785 2007 conpelluntur
797 1932 826 1991 in
835 1932 1006 1992 cardines.“
1024 1934 1144 1992 Utrum·

169 2030 231 2089 que
247 2015 357 2073 falsum
372 2023 427 2075 est.
459 2016 504 2074 De
518 2016 620 2090 priore
633 2016 730 2075 dicam
745 2017 838 2089 prius.
872 2012 972 2088 Quid?
995 2031 1074 2088 quae
1086 2023 1142 2074 tar-

169 2098 238 2157 dius
263 2099 412 2171 leruntur,
438 2099 543 2172 gravia
564 2106 655 2158 sunt?
688 2099 761 2173 quid
783 2105 877 2172 ergo?
909 2100 996 2157 stella
1013 2097 1142 2170 Saturni,

169 2195 250 2255 quae
265 2196 304 2239 ex
320 2181 460 2240 omnibus
476 2182 531 2239 iter
544 2198 632 2241 suum
648 2182 815 2241 lentissime
830 2181 937 2254 elficit,
958 2182 1059 2255 gravis
1076 2186 1144 2239 este

168 2264 253 2338 etqui
279 2262 407 2322 levitatis
429 2271 637 2337 argumentum
662 2262 768 2338 habet,
797 2265 883 2343 quod
906 2280 1000 2337 supra
1024 2270 1142 2322 ceteras

168 2352 225 2405 est.
262 2345 345 2418 „Sed
367 2346 495 2419 maiore,
516 2348 634 2422 inquis,
656 2346 771 2407 ambitu
792 2346 897 2407 circuit
918 2363 974 2406 nee
991 2347 1107 2406 tardius
1123 2344 1171 2405 ita

168 2444 262 2502 quarn
287 2437 424 2501 ceterae,
454 2430 510 2488 sed
534 2429 687 2505 longius.“
729 2430 894 2491 Succurrat
920 2430 974 2489 tibi
999 2431 1079 2488 idem
1104 2430 1143 2488 de

167 2510 296 2571 cometis
312 2528 359 2569 me
376 2526 469 2583 posse
485 2512 600 2583 dicere,
622 2512 742 2571 etiamsi
756 2512 880 2587 segnior
894 2512 952 2570 illis
968 2528 1078 2572 cursus
1094 2511 1141 2571 sit.

168 2594 226 2653 sed
251 2594 441 2652 mendacium
462 2602 509 2653 est
529 2595 573 2653 ire
594 2610 648 2653 eos
669 2594 796 2653 tardius.
833 2611 902 2652 narn
924 2594 1001 2652 intra
1023 2601 1140 2652 sextum

167 2691 306 2734 mensem
331 2676 484 2735 dimidiam
510 2678 587 2736 coeli
612 2683 727 2751 partem
755 2675 873 2736 transiit
896 2676 946 2735 hie
972 2675 1139 2750 proximus,

167 2758 253 2832 prior
272 2759 350 2818 intra
365 2760 527 2832 pauciores
543 2774 664 2817 menses
679 2760 796 2832 recepit
810 2775 854 2817 se.
887 2758 970 2832 „Sed
988 2761 1059 2833 quia
1072 2764 1169 2832 gra-3

166 2857 224 2901 ves
247 2850 331 2913 sunt,
360 2840 487 2900 inlerius
514 2842 722 2901 deleruntrrr.“
763 2842 894 2901 Primum
922 2858 981 2901 non
1007 2843 1142 2902 deiertur

167 2924 252 2997 quod
268 2926 484 2983 circumfertur.
520 2924 636 2983 Deinde
650 2924 699 2983 hic
715 2927 874 2998 proximus
889 2941 908 2984 a
923 2924 1140 2999 septemtrione

167 3014 269 3066 motus
291 3009 338 3067 sui
360 3009 473 3067 initium
497 3007 567 3067 lecit
587 3016 616 3068 et
636 3024 691 3083 per
711 3010 900 3069 occidentem
926 3009 954 3067 in
976 3009 1141 3067 meridiana

166 3091 308 3163 pervenit
321 3092 502 3164 erigensque
518 3107 638 3151 cursum
655 3109 743 3152 suum
760 3093 884 3152 oblituit.
907 3094 982 3150 alter
993 3093 1042 3150 ille
1055 3092 1139 3150 Clau·

167 3173 278 3231 dianus
294 3190 312 3231 a
327 3174 541 3247 septemtrione
556 3175 683 3248 primum
699 3175 784 3233 visus
800 3189 860 3231 non
875 3172 965 3231 desiit
976 3174 1008 3230 in
1023 3182 1139 3232 rectum

167 3256 298 3314 adsidue
324 3257 433 3315 celsior
467 3256 557 3329 ferri,
591 3255 690 3316 donee
714 3256 857 3314 excessit.
903 3256 1004 3314 Hace
1036 3261 1138 3326 sunt,

167 3345 352 3411 quaeant
379 3339 479 3399 alios
501 3354 655 3397 movere
676 3338 722 3397 ad
745 3345 914 3397 cometas
938 3338 1137 3412 pertinen-

167 3421 222 3480 tia
249 3428 313 3480 uut
340 3437 402 3479 me.
439 3438 518 3495 quae
539 3437 575 3480 en
593 3437 665 3480 vera
682 3421 758 3493 sint,
780 3421 810 3480 di
827 3422 942 3491 sciunt,
966 3422 1076 3494 quibus
1091 3427 1139 3480 est

168 3504 295 3562 scientia
309 3504 386 3563 veri:
409 3505 496 3564 nobis
512 3504 612 3563 rimari
627 3504 677 3563 illa
692 3511 722 3563 et
733 3504 905 3564 coniectura
920 3504 964 3563 ire
977 3504 1005 3562 in
1019 3504 1136 3565 occulta

166 3595 282 3647 lantum
301 3588 371 3645 licet
391 3603 447 3646 nec
468 3605 534 3646 cum
556 3587 668 3647 fiducia
682 3588 855 3646 inveniendi
870 3603 970 3661 neque
985 3589 1051 3647 sine
1069 3603 1136 3661 spe,

230 3669 320 3729 XXX.
347 3670 475 3745 Egregie
490 3671 669 3732 Aristoteles
684 3669 725 3733 ait
739 3687 903 3748 numquam
916 3687 973 3731 nos
991 3682 1161 3732 verecunl
