2942 4384
236 456 300 521 224
524 457 558 517 L.
576 457 722 517 ANNAEI
743 456 918 519 SENECAE

236 627 334 689 aeque
355 612 509 671 variantur
529 617 558 670 et
578 609 608 669 in
631 618 747 669 ceteras
764 609 858 669 lacles
877 610 955 669 inter
970 609 1061 671 vitam
1076 627 1113 672 ae
1128 628 1208 672 mor·

235 706 294 757 tem
316 696 428 757 coloris
453 702 500 755 est
521 695 682 767 vagatio!“
713 694 821 767 Longa
841 694 1067 755 somniculosae
1088 696 1207 755 inertis·

236 796 295 856 que
314 779 451 839 luxuriae
472 777 676 851 exspectatio!
702 793 791 850 quam
814 793 884 835 sero
903 777 1111 841 circumscribi
1128 794 1163 837 se
1179 786 1209 838 et

234 863 368 923 fraudari
388 868 470 921 tanto
493 861 574 919 bono
590 860 699 919 sensit!
727 861 787 919 hoc
802 860 902 919 adhuc
916 867 977 919 tam
993 861 1120 934 pulchro
1136 878 1207 935 spe-

202 962 218 1013 1
235 947 352 1007 ctaeulo
367 944 535 1019 piscatores
551 944 733 1002 fruebantur.
757 942 843 1017 „Quo
855 951 974 1003 coctum
987 944 1126 1018 piscem?
1144 961 1206 1019 quo

234 1030 427 1090 exanimum?
448 1027 561 1101 inipso
578 1027 692 1086 ferculo
708 1027 873 1100 exspiret.“
895 1027 1078 1086 Mirabantur
1092 1036 1207 1088 tantum

137 1112 143 1119 '
234 1114 292 1171 illis
308 1112 410 1171 inesse
425 1111 591 1180 fastidium,
613 1118 647 1169 ut
660 1110 775 1168 nollent
789 1110 944 1183 adtingere
959 1110 1018 1170 nisi
1033 1111 1143 1171 eodem
1158 1111 1208 1170 die

235 1203 371 1269 captum,
399 1194 464 1268 qui,
490 1201 523 1252 ut
536 1194 632 1263 aiunt,
655 1201 777 1266 saperet
790 1192 890 1266 ipsum
904 1209 997 1253 mare.
1029 1194 1098 1253 ideo
1115 1210 1208 1253 cursu

234 1278 457 1350 advehebatur,
479 1277 548 1335 ideo
569 1277 682 1349 gerulis
704 1292 772 1335 cum
794 1276 929 1335 anhelitu
942 1286 973 1337 et
987 1278 1119 1336 clamore
1136 1295 1206 1351 pro·

202 1362 412 1436 operantibus
434 1360 562 1419 dabatur
582 1360 640 1418 uia.
682 1359 747 1433 Quo
772 1376 940 1433 pervenere
964 1360 1113 1421 deliciae?
1144 1362 1208 1419 lam

235 1462 291 1519 pro
308 1445 428 1519 putrido
444 1444 491 1502 his
507 1444 599 1517 piscis
621 1451 668 1503 est
689 1444 821 1502 occisus.
855 1443 978 1517 „Hodie
992 1444 1122 1503 eductus
1139 1451 1207 1504 est?

234 1529 340 1588 neseio
356 1529 395 1586 de
413 1542 446 1585 16
460 1542 569 1599 magna
583 1526 635 1585 tibi
651 1527 791 1585 crederez
807 1526 876 1600 ipse
896 1533 1015 1600 oportet
1029 1543 1067 1586 ne
1082 1528 1205 1587 caedas.

234 1611 293 1671 hnc
309 1612 471 1670 adseratur.
488 1625 589 1668 coram
605 1624 653 1667 me
667 1611 797 1668 animam
813 1615 912 1683 agat,“
933 1610 981 1667 Ad
997 1609 1078 1669 hunc
1094 1612 1206 1670 tastum

235 1694 372 1768 pervenit
393 1699 496 1750 venter
518 1691 729 1763 delicatorum,
754 1701 787 1751 ut
807 1700 930 1767 gustare
949 1710 1008 1752 non
1024 1693 1148 1767 possint
1161 1696 1205 1768 pi-

235 1793 334 1849 scem,
358 1776 416 1833 nisi
432 1791 521 1847 quem
535 1774 564 1832 in
587 1773 655 1848 ipso
673 1776 813 1834 convivio
828 1783 978 1835 natantem
994 1776 1206 1851 palpitantem-

236 1876 295 1934 quc
317 1860 472 1918 viderunt:
505 1865 617 1916 tantum
639 1859 677 1916 ad
695 1859 859 1917 sollertiam
879 1859 999 1918 luxuria
1015 1860 1207 1933 pereuntibus

234 1942 367 2015 aceedit,
388 1950 533 2015 tantoque
555 1942 693 2001 subtilius
717 1942 828 2001 cotidie
851 1950 881 2002 et
903 1943 1072 2015 elegantius
1089 1944 1205 2017 aliquid

203 2028 387 2101 lexeogitat
415 2027 499 2085 furor
526 2025 636 2085 usitata
662 2033 870 2086 contemnens.
908 2025 962 2085 llla
986 2026 1204 2091 audiebamus:

234 2108 327 2184 „nihil
342 2119 388 2170 est
404 2109 510 2167 melius
527 2108 645 2167 saxatili
661 2110 783 2168 mullo.“
798 2117 828 2168 at
843 2124 921 2167 nunc
936 2109 1090 2168 audimus=
1107 2108 1203 2182 „Nihil

152 2214 182 2254 ο
235 2202 283 2253 est
303 2194 449 2253 moriente
468 2192 642 2252 iormosius.
672 2193 712 2251 da
731 2192 803 2250 milri
823 2192 852 2249 iu
867 2208 975 2252 manus
994 2208 1049 2252 vas
1068 2192 1202 2264 vitreum,

233 2278 263 2334 in
280 2292 340 2350 quo
357 2277 502 2346 exsultet,
523 2275 661 2348 trepidet
672 2281 689 2309 “
719 2274 777 2335 Ubi
798 2276 924 2335 multum
946 2277 1061 2350 diuque
1075 2280 1202 2336 luctatus

203 2366 219 2416 5
234 2366 294 2431 est,
310 2359 414 2418 exilio
430 2358 586 2433 perlucido
601 2357 718 2419 vivario
732 2359 908 2419 extrahitur.
938 2368 1009 2419 tunc
1024 2367 1057 2419 ut
1072 2360 1203 2434 quisque

234 2441 359 2517 peritior
375 2448 436 2515 est,
452 2447 612 2500 monstrate
633 2442 752 2515 „Vide,
771 2444 926 2516 quomodo
948 2443 1097 2503 exarserit
1110 2443 1203 2503 rubor

234 2526 315 2585 omni
342 2526 442 2586 acrior
465 2524 567 2585 minio.
600 2526 688 2599 vide,
715 2542 794 2599 quas
815 2542 871 2599 per
892 2528 986 2586 latera
1007 2542 1104 2587 venas
1124 2534 1201 2599 agat.

233 2624 320 2688 ecce,
336 2610 514 2683 sanguinem
529 2616 617 2683 putes
632 2617 777 2669 ventrem.
800 2626 889 2682 quam
909 2609 1041 2669 lucidum
1058 2610 1201 2684 quiddam

234 2695 470 2767 caeruleumque
482 2693 546 2752 ,sub
567 2691 636 2767 ipso
652 2700 790 2766 tempore
802 2691 934 2752 effulsit!
960 2692 1017 2751 iam
1042 2694 1202 2767 porrigitur

205 2775 221 2828 6
234 2784 264 2835 et
278 2778 370 2850 pallet
387 2783 416 2836 et
430 2778 460 2835 iu
475 2793 569 2836 unum
587 2776 718 2836 colorem
740 2775 936 2848 conponitur!
946 2782 964 2809 ‘⁴
984 2776 1030 2833 Ex
1052 2777 1099 2835 bis
1114 2792 1201 2835 nemo

233 2859 369 2918 morienti
393 2861 489 2918 amieo
512 2858 646 2932 adsidet,
668 2875 756 2918 nemo
779 2860 883 2918 videre
905 2866 1030 2919 mortem
1048 2860 1202 2934 patrissui

233 2942 375 3014 sustinet,
392 2958 481 3016 quam
497 2941 620 3016 optavit.
642 2943 888 3017 quotusquisque
902 2944 993 3002 lunus
1004 2943 1202 3004 domesticum

233 3024 272 3083 ad
292 3040 400 3099 rogum
422 3025 661 3099 [pro]sequiturt
685 3026 809 3085 fratrum
831 3027 1135 3104 propinquorumque
1150 3043 1200 3086 ex·

231 3116 331 3168 trema·
341 3109 417 3167 hora
431 3108 592 3169 deseritur:
617 3109 655 3167 ad
670 3118 797 3169 mortem
813 3111 935 3183 quidem
949 3109 1033 3169 mulli
1048 3110 1201 3171 concurri·

204 3197 288 3252 1111.
311 3193 382 3251 nihil
397 3194 475 3252 enim
492 3200 539 3254 est
551 3192 601 3251 illa
612 3191 787 3253 iormosius.
807 3194 873 3252 Non
885 3202 1021 3267 tempero
1033 3195 1113 3266 uribi,
1129 3197 1202 3269 quin

212 3284 299 3336 -utar
313 3277 461 3336 interdum
473 3277 631 3337 temerarie
643 3276 745 3337 verbis
760 3282 790 3335 el
804 3277 998 3350 proprietatis
1013 3279 1135 3337 modum
1151 3293 1201 3335 ex·

232 3360 356 3418 cedam:
390 3377 450 3420 non
478 3368 547 3419 sunt
569 3360 609 3418 ad
630 3360 775 3434 popinam
796 3361 954 3433 dentibuS,
978 3376 1032 3421 ore
1052 3368 1084 3421 61
1097 3368 1202 3420 ventre

231 3442 377 3502 contenti:
400 3442 497 3502 oculis
513 3459 636 3518 quoque
647 3444 748 3517 gulosi
764 3451 844 3503 sunt.

200 3534 214 3583 1
290 3527 368 3586 XIX.
391 3526 577 3586 Sedulnd
598 3528 1041 3601 propositumrevertar.
1064 3528 1202 3602 accipe

231 3619 507 3684 argumentum,
543 3626 709 3684 magnam
736 3608 807 3669 vim
836 3626 1017 3685 aquarum
1046 3610 1081 3669 in
1110 3612 1202 3671 sub·

230 3696 420 3754 terraneis
443 3693 614 3754 occultis
636 3695 807 3755 fertilem
829 3694 1131 3757 foedorumsitu
1147 3696 1203 3770 pi·
