2942 4384
309 462 313 472 '
362 476 413 537 ou
431 475 645 540 condricus
665 476 800 536 navt.
821 484 953 541 m-s1.
1080 473 1142 541 125

165 642 238 690 esse
258 627 324 700 vis,
347 622 396 686 cui
417 625 576 700 plurimum
591 626 687 686 debes
705 626 872 699 [beatumJt
903 626 976 703 quic
993 629 1086 701 enim,
1109 638 1142 690 ut

164 712 245 785 dixi,
266 717 351 769 vetat
365 716 394 768 te
406 712 519 768 reterre
531 710 619 769 etiam
632 726 749 770 sumnia
762 710 903 770 felicitate
916 712 1061 785 praeditis
1073 728 1139 786 gra·

165 795 258 854 1131111
285 793 373 853 cuius
395 794 485 866 plena
505 792 557 851 tibi
580 800 719 852 occurret
733 801 763 852 et
785 794 867 852 varia
882 794 1015 854 materia.
1045 795 1140 868 quida

165 886 196 938 tu
217 877 323 937 nescis
338 875 471 935 debitum
486 876 575 934 etiam
590 875 792 950 locupletibus
809 878 908 936 solvit
942 878 1003 936 Nee
1018 886 1048 938 te
1064 878 1137 936 invi·
1150 891 1168 945 3

166 967 228 1020 lum
243 959 439 1032 distringame
463 959 562 1017 omnia
577 975 651 1018 sane
666 959 832 1019 excluserit
843 963 986 1033 opulenta
1002 962 1138 1034 lelieitas,

166 1043 347 1103 monstrabo
363 1040 431 1112 tibi,
453 1042 539 1100 euius
554 1043 598 1100 rei
613 1043 716 1116 inopia
732 1044 870 1103 laborent
885 1060 994 1119 magna
1009 1046 1138 1118 lastigie,

166 1126 240 1201 quid
263 1125 366 1184 emnia
387 1125 615 1199 possidentibus
635 1126 728 1185 desit:
749 1126 865 1187 scilicet
879 1126 943 1199 ille,
968 1129 1019 1202 qui
1033 1127 1140 1187 verum

166 1209 248 1269 dicat
276 1214 308 1266 et
333 1208 485 1266 homiuem
511 1208 588 1266 inter
609 1210 787 1270 mentientes
816 1217 988 1285 stupentem
1010 1213 1140 1286 ipsaque

165 1291 391 1352 consuetudine
413 1307 469 1365 pro
489 1292 581 1350 rectis
597 1291 710 1351 blanda
724 1294 866 1352 audiendi
885 1294 924 1351 ad
940 1294 1141 1367 ignorantiam

165 1373 230 1434 veri
252 1374 433 1448 perductum
454 1373 588 1433 vindicet
607 1392 625 1433 a
645 1391 799 1436 consensu
821 1383 1031 1450 concentuque
1047 1379 1139 1435 lalso-

163 1474 244 1518 rum.
279 1456 345 1515 Non
362 1457 465 1531 vides,
488 1459 743 1531 quemadmodum
763 1459 832 1518 illos
853 1460 883 1517 in
905 1475 1055 1533 praeceps
1070 1467 1168 1533 agata

164 1540 318 1601 exstincta
333 1538 457 1599 libertas
472 1547 502 1599 et
518 1541 596 1600 fides
610 1541 640 1599 in
653 1542 836 1616 obsequium
851 1543 962 1601 servile
976 1542 1138 1616 submissa,

164 1624 239 1684 dum
260 1638 351 1683 nemo
372 1638 411 1682 ex
432 1622 522 1682 animi
544 1625 591 1683 sui
612 1627 761 1685 sententia
781 1627 890 1686 suadet
910 1626 1138 1701 dissuadetque,

165 1707 222 1767 sed
245 1706 390 1765 adulandi
412 1715 563 1766 certamen
586 1715 632 1767 est
651 1716 682 1768 et
701 1726 793 1769 unum
814 1711 979 1769 amicorum
1006 1711 1139 1770 omnium

165 1788 319 1857 cilicium,
342 1806 403 1849 uua
424 1792 590 1862 contentio,
615 1792 682 1865 quis
703 1792 902 1852 blandissime
917 1794 1020 1852 lallata
1051 1796 1167 1868 lgna-5

164 1887 275 1932 revere
296 1872 377 1932 vires
395 1882 527 1946 suaset,
550 1875 620 1932 dum
637 1890 671 1933 se
687 1881 746 1933 tarn
763 1891 891 1949 magnos
907 1893 998 1948 quarn
1014 1878 1140 1937 audiunt

165 1956 311 2029 credunt,
338 1955 498 2015 adtraxero
523 1973 717 2030 supervacua
742 1966 772 2017 et
796 1958 825 2016 in
852 1958 1014 2017 discrimen
1038 1976 1139 2018 rerunt

165 2039 302 2102 omnium
322 2047 505 2113 perventura
527 2040 615 2099 bella.
644 2039 747 2099 utilem
764 2049 793 2100 et
808 2042 1012 2100 necessariam
1028 2057 1139 2115 rupere

165 2122 373 2183 concordiam.
407 2123 503 2183 secuti
523 2123 612 2196 iram,
642 2140 733 2198 quarn
758 2139 846 2182 neme
869 2125 1039 2198 revocavit,
1065 2125 1138 2181 mul-

164 2212 266 2267 torum
281 2206 461 2278 sanguinem
476 2205 644 2267 hauserunt
656 2208 753 2267 lusuri
767 2206 934 2266 novissime
949 2224 1051 2280 suum,
1067 2208 1139 2265 dum
1202 2238 1207 2246 —

165 2288 323 2353 vindicant
343 2288 533 2362 inexplorata
556 2304 610 2362 pro
632 2291 721 2349 certis
737 2289 881 2365 lleetique
897 2306 957 2349 non
973 2292 1072 2350 minus
1087 2306 1138 2349 ex-

164 2371 302 2431 istimant
321 2378 409 2445 turpe
424 2387 514 2445 quam
536 2373 613 2431 vinci
635 2381 665 2432 et
686 2381 833 2448 perpetua
848 2374 990 2447 credunt,
1015 2389 1092 2447 quae
1108 2375 1136 2433 in

166 2470 319 2516 summurn
339 2455 484 2527 perducta
499 2456 628 2513 maxime
644 2464 757 2516 nutant.
793 2458 930 2530 Ingentia
946 2474 1039 2530 super
1054 2474 1088 2517 se
1103 2469 1168 2524 aco

165 2552 355 2610 suos-regna
369 2537 523 2611 fregerunt
537 2554 593 2597 nee
607 2539 819 2598 intellexerunt
832 2541 862 2598 in
878 2541 927 2598 1113
942 2556 1037 2599 333113
1051 2541 1139 2600 vanis

165 2628 196 2682 et
208 2620 271 2680 cito
288 2619 494 2679 dillluentibus
511 2622 600 2681 bonis
614 2624 782 2695 refulgente
797 2638 837 2681 ex
851 2638 888 2681 eo
904 2630 1040 2695 tempore
1053 2623 1139 2695 ipsos

165 2702 241 2763 nihil
260 2717 323 2761 non
343 2702 465 2762 adversi
480 2712 662 2778 exspectare
676 2704 835 2777 debuisse,
855 2720 895 2763 ex
911 2722 971 2778 quo
987 2704 1060 2763 nihil
1077 2706 1139 2763 veri

166 2784 275 2847 audire
292 2792 462 2859 potuerunt.
777 2849 779 2854 ,

228 2867 336 2928 XXXI.
365 2868 438 2927 Cum
458 2869 570 2929 bellurn
592 2870 736 2930 Graeciae
756 2871 903 2932 indiceret
919 2872 1054 2945 Xerxes,
1077 2871 1166 2931 ani-1

166 2968 248 3011 mum
259 2958 422 3011 tumentem
435 2951 620 3027 oblitumque
632 2970 722 3026 quam
735 2956 859 3015 caducis
872 2957 1040 3016 confideret
1050 2972 1140 3016 neure

166 3052 227 3095 non
244 3034 361 3109 inpulit.
396 3034 485 3095 Alius
500 3036 600 3096 alebat
615 3054 675 3096 non
691 3038 806 3099 laturos
821 3040 955 3098 nuntium
972 3038 1040 3097 belli
1057 3047 1087 3098 et
1101 3040 1140 3098 ad

166 3118 295 3191 primam
309 3118 460 3178 adventus
476 3119 583 3177 famem
600 3126 682 3194 terga
700 3137 854 3181 versuros.
890 3122 967 3179 atius
983 3112 1169 3180 nillil'essel

167 3201 267 3274 dubii,
292 3200 363 3275 quin
378 3202 428 3260 illa
442 3202 521 3261 mole
535 3219 595 3261 non
613 3202 691 3261 vinci
707 3205 806 3263 solum
822 3203 964 3274 Graecia,
982 3202 1038 3261 sed
1053 3202 1140 3261 obrui

167 3292 294 3357 possem
323 3284 419 3357 magis
441 3286 605 3344 verendum
628 3301 665 3344 ne
688 3302 802 3344 vacuas
826 3285 1026 3358 desertasque
1047 3286 1140 3344 urbes

167 3368 340 3427 invenirent
359 3374 389 3426 et
409 3368 546 3441 profugis
568 3368 707 3428 hostibus
729 3374 836 3427 vastae
856 3367 1036 3428 solitudines
1051 3368 1139 3427 relin-

168 3462 336 3525 querentur
357 3451 418 3510 noir
438 3451 598 3525 habituris,
624 3453 675 3511 ubi
695 3458 794 3510 tantas
812 3452 894 3512 vires
909 3467 1052 3511 exercere
1069 3467 1140 3525 pos·

168 3542 245 3594 sent.
278 3532 355 3593 alius
370 3534 421 3593 vix
436 3534 478 3593 illi
494 3551 593 3593 rerum
607 3543 744 3594 naturam
757 3536 914 3608 sulficere,
930 3541 1060 3609 angusta
1071 3541 1169 3595 esse3

169 3616 322 3677 classibus
344 3616 453 3689 maria,
481 3618 565 3679 militi
587 3624 702 3694 castra,
732 3619 922 3694 explicandis
947 3618 1140 3692 equestribus

169 3700 268 3777 copiis
290 3701 488 3777 campestria,
513 3702 562 3763 vix
578 3710 683 3778 patere
699 3705 817 3763 coelum
834 3702 907 3763 satis
922 3702 964 3761 ad
979 3700 1142 3763 emittenda
