<?xml version="1.0" encoding="UTF-8"?>
<!DOCTYPE html PUBLIC "-//W3C//DTD XHTML 1.0 Transitional//EN"
    "http://www.w3.org/TR/xhtml1/DTD/xhtml1-transitional.dtd">
<html xmlns="http://www.w3.org/1999/xhtml" xml:lang="en" lang="en">
 <head>
  <title>
</title>
<meta http-equiv="Content-Type" content="text/html;charset=utf-8" />
  <meta name='ocr-system' content='tesseract 3.04.00' />
  <meta name='ocr-capabilities' content='ocr_page ocr_carea ocr_par ocr_line ocrx_word'/>
</head>
<body>
  <div class='ocr_page' id='page_1' title='image "./lannaeisenecaeo07senegoog_0222.png"; bbox 0 0 2942 4384; ppageno 0'>
   <div class='ocr_carea' id='block_1_1' title="bbox 326 460 993 525">
    <p class='ocr_par' dir='ltr' id='par_1_1' title="bbox 326 460 993 525">
     <span class='ocr_line' id='line_1_1' title="bbox 326 460 993 525; baseline -0.009 0"><span class='ocrx_word' id='word_1_1' title='bbox 326 462 388 525; x_wconf 75' lang='lat'>210</span> <span class='ocrx_word' id='word_1_2' title='bbox 594 464 627 521; x_wconf 90' lang='lat' dir='ltr'>L.</span> <span class='ocrx_word' id='word_1_3' title='bbox 649 462 796 521; x_wconf 86' lang='lat' dir='ltr'><strong>ANNAEI</strong></span> <span class='ocrx_word' id='word_1_4' title='bbox 819 460 993 521; x_wconf 81' lang='lat' dir='ltr'><strong>SENECAE</strong></span> 
     </span>
    </p>
   </div>
   <div class='ocr_carea' id='block_1_2' title="bbox 217 612 1316 3690">
    <p class='ocr_par' dir='ltr' id='par_1_2' title="bbox 327 612 1297 689">
     <span class='ocr_line' id='line_1_2' title="bbox 327 612 1297 689; baseline -0.002 -14"><span class='ocrx_word' id='word_1_5' title='bbox 327 616 369 675; x_wconf 92' lang='lat' dir='ltr'>dit</span> <span class='ocrx_word' id='word_1_6' title='bbox 386 621 415 674; x_wconf 88' lang='lat' dir='ltr'>et</span> <span class='ocrx_word' id='word_1_7' title='bbox 432 614 509 688; x_wconf 90' lang='lat' dir='ltr'>ignis</span> <span class='ocrx_word' id='word_1_8' title='bbox 524 615 553 673; x_wconf 95' lang='lat' dir='ltr'>in</span> <span class='ocrx_word' id='word_1_9' title='bbox 570 613 728 689; x_wconf 81' lang='lat' dir='ltr'>superiora</span> <span class='ocrx_word' id='word_1_10' title='bbox 746 612 848 672; x_wconf 91' lang='lat' dir='ltr'>nititur</span> <span class='ocrx_word' id='word_1_11' title='bbox 862 613 935 672; x_wconf 86' lang='lat' dir='ltr'>etin</span> <span class='ocrx_word' id='word_1_12' title='bbox 951 614 1095 673; x_wconf 81' lang='lat' dir='ltr'>interiora</span> <span class='ocrx_word' id='word_1_13' title='bbox 1109 612 1297 687; x_wconf 74' lang='lat' dir='ltr'><strong>deprimitur.</strong></span> 
     </span>
    </p>

    <p class='ocr_par' dir='ltr' id='par_1_3' title="bbox 293 697 1298 923">
     <span class='ocr_line' id='line_1_3' title="bbox 293 697 1298 772; baseline -0.002 -13"><span class='ocrx_word' id='word_1_14' title='bbox 293 707 342 771; x_wconf 87' lang='lat'>3„</span> <span class='ocrx_word' id='word_1_15' title='bbox 352 699 449 771; x_wconf 82' lang='lat' dir='ltr'>Quare</span> <span class='ocrx_word' id='word_1_16' title='bbox 473 698 645 772; x_wconf 79' lang='lat' dir='ltr'>frequenter</span> <span class='ocrx_word' id='word_1_17' title='bbox 666 698 825 755; x_wconf 89' lang='lat' dir='ltr'>cacumina</span> <span class='ocrx_word' id='word_1_18' title='bbox 845 698 989 755; x_wconf 90' lang='lat' dir='ltr'>montium</span> <span class='ocrx_word' id='word_1_19' title='bbox 1011 697 1205 756; x_wconf 73' lang='lat' dir='ltr'>leriuntur2“</span> <span class='ocrx_word' id='word_1_20' title='bbox 1228 700 1298 770; x_wconf 84' lang='lat' dir='ltr'>quia</span> 
     </span>
     <span class='ocr_line' id='line_1_4' title="bbox 327 780 1298 855; baseline -0.002 -14"><span class='ocrx_word' id='word_1_21' title='bbox 327 783 469 855; x_wconf 90' lang='lat' dir='ltr'>opposita</span> <span class='ocrx_word' id='word_1_22' title='bbox 492 789 563 840; x_wconf 87' lang='lat' dir='ltr'>sunt</span> <span class='ocrx_word' id='word_1_23' title='bbox 586 781 716 839; x_wconf 87' lang='lat' dir='ltr'>nubibus</span> <span class='ocrx_word' id='word_1_24' title='bbox 740 786 770 838; x_wconf 88' lang='lat' dir='ltr'>et</span> <span class='ocrx_word' id='word_1_25' title='bbox 794 795 811 838; x_wconf 91' lang='lat' dir='ltr'>e</span> <span class='ocrx_word' id='word_1_26' title='bbox 834 782 920 838; x_wconf 89' lang='lat' dir='ltr'>coelo</span> <span class='ocrx_word' id='word_1_27' title='bbox 942 780 1120 840; x_wconf 77' lang='lat' dir='ltr'>cadentibus</span> <span class='ocrx_word' id='word_1_28' title='bbox 1144 796 1201 854; x_wconf 91' lang='lat' dir='ltr'>per</span> <span class='ocrx_word' id='word_1_29' title='bbox 1221 780 1298 839; x_wconf 86' lang='lat' dir='ltr'>haec</span> 
     </span>
     <span class='ocr_line' id='line_1_5' title="bbox 325 864 620 923; baseline -0.01 0"><span class='ocrx_word' id='word_1_30' title='bbox 325 864 543 923; x_wconf 90' lang='lat' dir='ltr'>transeundum</span> <span class='ocrx_word' id='word_1_31' title='bbox 565 871 620 922; x_wconf 89' lang='lat' dir='ltr'>est.</span> 
     </span>
    </p>

    <p class='ocr_par' dir='ltr' id='par_1_4' title="bbox 293 944 1297 1188">
     <span class='ocr_line' id='line_1_6' title="bbox 293 944 1296 1021; baseline -0.006 -12"><span class='ocrx_word' id='word_1_32' title='bbox 293 958 309 1009; x_wconf 92' lang='lat'>1</span> <span class='ocrx_word' id='word_1_33' title='bbox 386 948 460 1005; x_wconf 91' lang='lat' dir='ltr'><strong>LIX.</strong></span> <span class='ocrx_word' id='word_1_34' title='bbox 477 947 635 1020; x_wconf 76' lang='lat' dir='ltr'>Intellege,</span> <span class='ocrx_word' id='word_1_35' title='bbox 650 946 721 1021; x_wconf 89' lang='lat' dir='ltr'>quid</span> <span class='ocrx_word' id='word_1_36' title='bbox 734 947 848 1004; x_wconf 91' lang='lat' dir='ltr'>dudum</span> <span class='ocrx_word' id='word_1_37' title='bbox 860 947 1032 1018; x_wconf 80' lang='lat' dir='ltr'>desidereS,</span> <span class='ocrx_word' id='word_1_38' title='bbox 1047 946 1120 1020; x_wconf 89' lang='lat' dir='ltr'>quid</span> <span class='ocrx_word' id='word_1_39' title='bbox 1135 944 1296 1019; x_wconf 74' lang='lat' dir='ltr'>efflagites.</span> 
     </span>
     <span class='ocr_line' id='line_1_7' title="bbox 326 1030 1296 1110; baseline -0.001 -22"><span class='ocrx_word' id='word_1_40' title='bbox 326 1031 456 1104; x_wconf 88' lang='lat' dir='ltr'>,‚llllalo,</span> <span class='ocrx_word' id='word_1_41' title='bbox 478 1030 593 1104; x_wconf 70' lang='lat' dir='ltr'>inquis</span> <span class='ocrx_word' id='word_1_42' title='bbox 613 1030 774 1088; x_wconf 82' lang='lat' dir='ltr'>fulmina</span> <span class='ocrx_word' id='word_1_43' title='bbox 793 1046 866 1088; x_wconf 94' lang='lat' dir='ltr'>non</span> <span class='ocrx_word' id='word_1_44' title='bbox 886 1030 1021 1088; x_wconf 89' lang='lat' dir='ltr'>timere</span> <span class='ocrx_word' id='word_1_45' title='bbox 1042 1046 1150 1102; x_wconf 86' lang='lat' dir='ltr'>quarn</span> <span class='ocrx_word' id='word_1_46' title='bbox 1169 1046 1296 1110; x_wconf 87' lang='lat' dir='ltr'>nosse.</span> 
     </span>
     <span class='ocr_line' id='line_1_8' title="bbox 326 1110 1297 1188; baseline 0 -17"><span class='ocrx_word' id='word_1_47' title='bbox 326 1115 427 1188; x_wconf 87' lang='lat' dir='ltr'>itaque</span> <span class='ocrx_word' id='word_1_48' title='bbox 444 1114 519 1172; x_wconf 89' lang='lat' dir='ltr'>alios</span> <span class='ocrx_word' id='word_1_49' title='bbox 537 1114 628 1185; x_wconf 91' lang='lat' dir='ltr'>doce,</span> <span class='ocrx_word' id='word_1_50' title='bbox 645 1113 900 1187; x_wconf 86' lang='lat' dir='ltr'>quemadmodum</span> <span class='ocrx_word' id='word_1_51' title='bbox 915 1114 1003 1171; x_wconf 78' lang='lat' dir='ltr'>liant:</span> <span class='ocrx_word' id='word_1_52' title='bbox 1026 1127 1083 1185; x_wconf 91' lang='lat' dir='ltr'>ego</span> <span class='ocrx_word' id='word_1_53' title='bbox 1099 1110 1171 1169; x_wconf 90' lang='lat' dir='ltr'>mihi</span> <span class='ocrx_word' id='word_1_54' title='bbox 1186 1119 1297 1171; x_wconf 89' lang='lat' dir='ltr'>metum</span> 
     </span>
    </p>

    <p class='ocr_par' dir='ltr' id='par_1_5' title="bbox 293 1195 1297 1352">
     <span class='ocr_line' id='line_1_9' title="bbox 293 1195 1297 1270; baseline -0.002 -12"><span class='ocrx_word' id='word_1_55' title='bbox 293 1207 310 1258; x_wconf 66' lang='grc' dir='ltr'><strong>ι</strong></span> <span class='ocrx_word' id='word_1_56' title='bbox 325 1196 442 1256; x_wconf 92' lang='lat' dir='ltr'>illorum</span> <span class='ocrx_word' id='word_1_57' title='bbox 455 1198 555 1256; x_wconf 82' lang='lat' dir='ltr'>excuti</span> <span class='ocrx_word' id='word_1_58' title='bbox 566 1197 653 1268; x_wconf 90' lang='lat' dir='ltr'>volo,</span> <span class='ocrx_word' id='word_1_59' title='bbox 667 1213 724 1255; x_wconf 93' lang='lat' dir='ltr'>non</span> <span class='ocrx_word' id='word_1_60' title='bbox 739 1204 875 1254; x_wconf 89' lang='lat' dir='ltr'>naturam</span> <span class='ocrx_word' id='word_1_61' title='bbox 887 1196 1044 1254; x_wconf 90' lang='lat' dir='ltr'>indicari.“</span> <span class='ocrx_word' id='word_1_62' title='bbox 1060 1195 1211 1269; x_wconf 86' lang='lat' dir='ltr'>Sequar</span> <span class='ocrx_word' id='word_1_63' title='bbox 1225 1213 1297 1270; x_wconf 89' lang='lat' dir='ltr'>quo</span> 
     </span>
     <span class='ocr_line' id='line_1_10' title="bbox 325 1277 1297 1352; baseline -0.001 -14"><span class='ocrx_word' id='word_1_64' title='bbox 325 1295 369 1338; x_wconf 94' lang='lat' dir='ltr'>vo</span> <span class='ocrx_word' id='word_1_65' title='bbox 379 1296 457 1339; x_wconf 87' lang='lat' dir='ltr'>cas:</span> <span class='ocrx_word' id='word_1_66' title='bbox 474 1279 614 1339; x_wconf 90' lang='lat' dir='ltr'>omnibus</span> <span class='ocrx_word' id='word_1_67' title='bbox 627 1280 705 1338; x_wconf 92' lang='lat' dir='ltr'>enim</span> <span class='ocrx_word' id='word_1_68' title='bbox 716 1281 809 1339; x_wconf 90' lang='lat' dir='ltr'>rebus</span> <span class='ocrx_word' id='word_1_69' title='bbox 822 1280 1025 1352; x_wconf 90' lang='lat' dir='ltr'>omnibusque</span> <span class='ocrx_word' id='word_1_70' title='bbox 1038 1277 1233 1338; x_wconf 89' lang='lat' dir='ltr'>sermonibus</span> <span class='ocrx_word' id='word_1_71' title='bbox 1246 1280 1297 1337; x_wconf 87' lang='lat' dir='ltr'>ali-</span> 
     </span>
    </p>

    <p class='ocr_par' dir='ltr' id='par_1_6' title="bbox 296 1362 1316 1768">
     <span class='ocr_line' id='line_1_11' title="bbox 296 1362 1297 1437; baseline -0.004 -13"><span class='ocrx_word' id='word_1_72' title='bbox 296 1419 299 1424; x_wconf 66' lang='lat'>,</span> <span class='ocrx_word' id='word_1_73' title='bbox 326 1364 397 1437; x_wconf 89' lang='lat' dir='ltr'>quid</span> <span class='ocrx_word' id='word_1_74' title='bbox 414 1365 545 1423; x_wconf 90' lang='lat' dir='ltr'>salutare</span> <span class='ocrx_word' id='word_1_75' title='bbox 560 1363 751 1422; x_wconf 89' lang='lat' dir='ltr'>miscendum</span> <span class='ocrx_word' id='word_1_76' title='bbox 767 1371 822 1422; x_wconf 89' lang='lat' dir='ltr'>est.</span> <span class='ocrx_word' id='word_1_77' title='bbox 847 1363 919 1422; x_wconf 85' lang='lat' dir='ltr'>Cum</span> <span class='ocrx_word' id='word_1_78' title='bbox 940 1363 1018 1421; x_wconf 92' lang='lat' dir='ltr'>imus</span> <span class='ocrx_word' id='word_1_79' title='bbox 1039 1378 1094 1435; x_wconf 90' lang='lat' dir='ltr'>per</span> <span class='ocrx_word' id='word_1_80' title='bbox 1109 1362 1229 1421; x_wconf 89' lang='lat' dir='ltr'>occulta</span> <span class='ocrx_word' id='word_1_81' title='bbox 1245 1378 1297 1420; x_wconf 91' lang='lat' dir='ltr'>na-</span> 
     </span>
     <span class='ocr_line' id='line_1_12' title="bbox 324 1444 1298 1519; baseline 0 -15"><span class='ocrx_word' id='word_1_82' title='bbox 324 1453 422 1518; x_wconf 89' lang='lat' dir='ltr'>turae,</span> <span class='ocrx_word' id='word_1_83' title='bbox 439 1462 507 1505; x_wconf 90' lang='lat' dir='ltr'>cum</span> <span class='ocrx_word' id='word_1_84' title='bbox 520 1446 622 1505; x_wconf 85' lang='lat' dir='ltr'>divina</span> <span class='ocrx_word' id='word_1_85' title='bbox 637 1453 815 1519; x_wconf 86' lang='lat' dir='ltr'>tractamus,</span> <span class='ocrx_word' id='word_1_86' title='bbox 829 1446 1031 1504; x_wconf 86' lang='lat' dir='ltr'>vindicandus</span> <span class='ocrx_word' id='word_1_87' title='bbox 1044 1452 1091 1505; x_wconf 87' lang='lat' dir='ltr'>est</span> <span class='ocrx_word' id='word_1_88' title='bbox 1102 1461 1120 1503; x_wconf 93' lang='lat' dir='ltr'>a</span> <span class='ocrx_word' id='word_1_89' title='bbox 1132 1445 1220 1503; x_wconf 87' lang='lat' dir='ltr'>malis</span> <span class='ocrx_word' id='word_1_90' title='bbox 1233 1444 1298 1505; x_wconf 85' lang='lat' dir='ltr'>suis</span> 
     </span>
     <span class='ocr_line' id='line_1_13' title="bbox 325 1528 1297 1601; baseline -0.001 -13"><span class='ocrx_word' id='word_1_91' title='bbox 325 1530 443 1588; x_wconf 92' lang='lat' dir='ltr'>animus</span> <span class='ocrx_word' id='word_1_92' title='bbox 458 1546 494 1588; x_wconf 88' lang='lat' dir='ltr'>ac</span> <span class='ocrx_word' id='word_1_93' title='bbox 507 1529 636 1589; x_wconf 91' lang='lat' dir='ltr'>subinde</span> <span class='ocrx_word' id='word_1_94' title='bbox 648 1530 831 1601; x_wconf 87' lang='lat' dir='ltr'>firmandus,</span> <span class='ocrx_word' id='word_1_95' title='bbox 848 1530 931 1601; x_wconf 90' lang='lat' dir='ltr'>quod</span> <span class='ocrx_word' id='word_1_96' title='bbox 949 1529 1036 1587; x_wconf 87' lang='lat' dir='ltr'>etiam</span> <span class='ocrx_word' id='word_1_97' title='bbox 1053 1528 1179 1586; x_wconf 90' lang='lat' dir='ltr'>eruditis</span> <span class='ocrx_word' id='word_1_98' title='bbox 1195 1535 1225 1587; x_wconf 87' lang='lat' dir='ltr'>et</span> <span class='ocrx_word' id='word_1_99' title='bbox 1239 1528 1297 1587; x_wconf 89' lang='lat' dir='ltr'>boc</span> 
     </span>
     <span class='ocr_line' id='line_1_14' title="bbox 324 1611 1297 1692; baseline -0.003 -20"><span class='ocrx_word' id='word_1_100' title='bbox 324 1630 414 1672; x_wconf 91' lang='lat' dir='ltr'>unum</span> <span class='ocrx_word' id='word_1_101' title='bbox 432 1612 591 1685; x_wconf 88' lang='lat' dir='ltr'>agentibus</span> <span class='ocrx_word' id='word_1_102' title='bbox 607 1613 817 1692; x_wconf 84' lang='lat' dir='ltr'>necessarium</span> <span class='ocrx_word' id='word_1_103' title='bbox 830 1619 891 1684; x_wconf 90' lang='lat' dir='ltr'>est,</span> <span class='ocrx_word' id='word_1_104' title='bbox 907 1628 967 1670; x_wconf 90' lang='lat' dir='ltr'>non</span> <span class='ocrx_word' id='word_1_105' title='bbox 983 1619 1015 1670; x_wconf 90' lang='lat' dir='ltr'>ut</span> <span class='ocrx_word' id='word_1_106' title='bbox 1026 1611 1207 1685; x_wconf 84' lang='lat' dir='ltr'>effugiamus</span> <span class='ocrx_word' id='word_1_107' title='bbox 1220 1611 1297 1671; x_wconf 90' lang='lat' dir='ltr'>ictus</span> 
     </span>
     <span class='ocr_line' id='line_1_15' title="bbox 324 1694 1316 1768; baseline -0.001 -15"><span class='ocrx_word' id='word_1_108' title='bbox 324 1712 439 1767; x_wconf 91' lang='lat' dir='ltr'>rerum,</span> <span class='ocrx_word' id='word_1_109' title='bbox 457 1696 592 1768; x_wconf 89' lang='lat' dir='ltr'>undique</span> <span class='ocrx_word' id='word_1_110' title='bbox 608 1696 686 1752; x_wconf 92' lang='lat' dir='ltr'>enim</span> <span class='ocrx_word' id='word_1_111' title='bbox 698 1696 758 1753; x_wconf 88' lang='lat' dir='ltr'>tela</span> <span class='ocrx_word' id='word_1_112' title='bbox 769 1696 797 1752; x_wconf 93' lang='lat' dir='ltr'>in</span> <span class='ocrx_word' id='word_1_113' title='bbox 810 1711 868 1754; x_wconf 93' lang='lat' dir='ltr'>nos</span> <span class='ocrx_word' id='word_1_114' title='bbox 883 1694 1047 1767; x_wconf 86' lang='lat' dir='ltr'>iaciuntur,</span> <span class='ocrx_word' id='word_1_115' title='bbox 1065 1695 1120 1753; x_wconf 87' lang='lat' dir='ltr'>sed</span> <span class='ocrx_word' id='word_1_116' title='bbox 1134 1702 1169 1752; x_wconf 92' lang='lat' dir='ltr'>ut</span> <span class='ocrx_word' id='word_1_117' title='bbox 1183 1695 1297 1753; x_wconf 80' lang='lat' dir='ltr'>fortiter</span> <span class='ocrx_word' id='word_1_118' title='bbox 1312 1708 1316 1716; x_wconf 89' lang='lat'><em>·</em></span> 
     </span>
    </p>

    <p class='ocr_par' dir='ltr' id='par_1_7' title="bbox 292 1777 1298 2185">
     <span class='ocr_line' id='line_1_16' title="bbox 292 1777 1298 1851; baseline -0.002 -14"><span class='ocrx_word' id='word_1_119' title='bbox 292 1793 309 1845; x_wconf 86' lang='lat'><strong>3</strong></span> <span class='ocrx_word' id='word_1_120' title='bbox 324 1786 353 1837; x_wconf 94' lang='grc' dir='ltr'>ει</span> <span class='ocrx_word' id='word_1_121' title='bbox 365 1785 538 1836; x_wconf 79' lang='lat' dir='ltr'>constanter</span> <span class='ocrx_word' id='word_1_122' title='bbox 551 1777 706 1851; x_wconf 90' lang='lat' dir='ltr'>patiamur.</span> <span class='ocrx_word' id='word_1_123' title='bbox 724 1778 826 1837; x_wconf 90' lang='lat' dir='ltr'>invicti</span> <span class='ocrx_word' id='word_1_124' title='bbox 839 1794 910 1837; x_wconf 91' lang='lat' dir='ltr'>esse</span> <span class='ocrx_word' id='word_1_125' title='bbox 921 1794 1103 1851; x_wconf 87' lang='lat' dir='ltr'>possumus,</span> <span class='ocrx_word' id='word_1_126' title='bbox 1121 1777 1298 1837; x_wconf 82' lang='lat' dir='ltr'>Inconcussi</span> 
     </span>
     <span class='ocr_line' id='line_1_17' title="bbox 324 1860 1297 1934; baseline 0.001 -15"><span class='ocrx_word' id='word_1_127' title='bbox 324 1877 384 1920; x_wconf 94' lang='lat' dir='ltr'>non</span> <span class='ocrx_word' id='word_1_128' title='bbox 397 1877 579 1934; x_wconf 58' lang='lat' dir='ltr'>possumus</span> <span class='ocrx_word' id='word_1_129' title='bbox 598 1877 781 1934; x_wconf 85' lang='lat' dir='ltr'>quamquam</span> <span class='ocrx_word' id='word_1_130' title='bbox 794 1860 913 1919; x_wconf 80' lang='lat' dir='ltr'>interim</span> <span class='ocrx_word' id='word_1_131' title='bbox 931 1877 1004 1934; x_wconf 89' lang='lat' dir='ltr'>spes</span> <span class='ocrx_word' id='word_1_132' title='bbox 1024 1861 1119 1928; x_wconf 90' lang='lat' dir='ltr'>subit,</span> <span class='ocrx_word' id='word_1_133' title='bbox 1135 1860 1297 1920; x_wconf 89' lang='lat' dir='ltr'>inconcus·</span> 
     </span>
     <span class='ocr_line' id='line_1_18' title="bbox 325 1944 1297 2019; baseline -0.003 -16"><span class='ocrx_word' id='word_1_134' title='bbox 325 1961 378 2004; x_wconf 92' lang='lat' dir='ltr'>sos</span> <span class='ocrx_word' id='word_1_135' title='bbox 399 1960 523 2019; x_wconf 89' lang='lat' dir='ltr'>quoque</span> <span class='ocrx_word' id='word_1_136' title='bbox 541 1960 611 2003; x_wconf 90' lang='lat' dir='ltr'>esse</span> <span class='ocrx_word' id='word_1_137' title='bbox 629 1955 687 2004; x_wconf 90' lang='lat' dir='ltr'>nos</span> <span class='ocrx_word' id='word_1_138' title='bbox 703 1960 808 2017; x_wconf 88' lang='lat' dir='ltr'>posse.</span> <span class='ocrx_word' id='word_1_139' title='bbox 831 1944 1164 2017; x_wconf 77' lang='lat' dir='ltr'>,‚Quemadrnodumt“</span> <span class='ocrx_word' id='word_1_140' title='bbox 1184 1944 1297 2017; x_wconf 88' lang='lat' dir='ltr'>inquis.</span> 
     </span>
     <span class='ocr_line' id='line_1_19' title="bbox 324 2027 1296 2100; baseline -0.002 -13"><span class='ocrx_word' id='word_1_141' title='bbox 324 2028 488 2087; x_wconf 88' lang='lat' dir='ltr'>Contemne</span> <span class='ocrx_word' id='word_1_142' title='bbox 515 2035 656 2087; x_wconf 79' lang='lat' dir='ltr'>mortem:</span> <span class='ocrx_word' id='word_1_143' title='bbox 690 2035 719 2087; x_wconf 91' lang='grc' dir='ltr'>ει</span> <span class='ocrx_word' id='word_1_144' title='bbox 736 2027 851 2097; x_wconf 89' lang='lat' dir='ltr'>omnia,</span> <span class='ocrx_word' id='word_1_145' title='bbox 880 2043 959 2100; x_wconf 88' lang='lat' dir='ltr'>quae</span> <span class='ocrx_word' id='word_1_146' title='bbox 975 2028 1012 2085; x_wconf 95' lang='lat' dir='ltr'>ad</span> <span class='ocrx_word' id='word_1_147' title='bbox 1029 2035 1157 2086; x_wconf 88' lang='lat' dir='ltr'>mortem</span> <span class='ocrx_word' id='word_1_148' title='bbox 1171 2027 1296 2099; x_wconf 86' lang='lat' dir='ltr'>ducunt,</span> 
     </span>
     <span class='ocr_line' id='line_1_20' title="bbox 324 2110 1297 2185; baseline -0.001 -15"><span class='ocrx_word' id='word_1_149' title='bbox 324 2117 497 2185; x_wconf 86' lang='lat' dir='ltr'>contempta</span> <span class='ocrx_word' id='word_1_150' title='bbox 509 2117 593 2183; x_wconf 93' lang='lat' dir='ltr'>sunt,</span> <span class='ocrx_word' id='word_1_151' title='bbox 613 2110 679 2170; x_wconf 90' lang='lat' dir='ltr'>sive</span> <span class='ocrx_word' id='word_1_152' title='bbox 695 2112 774 2169; x_wconf 90' lang='lat' dir='ltr'>bella</span> <span class='ocrx_word' id='word_1_153' title='bbox 786 2118 857 2170; x_wconf 88' lang='lat' dir='ltr'>sunt</span> <span class='ocrx_word' id='word_1_154' title='bbox 868 2126 924 2169; x_wconf 91' lang='lat' dir='ltr'>seu</span> <span class='ocrx_word' id='word_1_155' title='bbox 937 2111 1094 2183; x_wconf 88' lang='lat' dir='ltr'>nanlragia</span> <span class='ocrx_word' id='word_1_156' title='bbox 1105 2124 1162 2169; x_wconf 88' lang='lat' dir='ltr'>seu</span> <span class='ocrx_word' id='word_1_157' title='bbox 1173 2126 1297 2170; x_wconf 88' lang='lat' dir='ltr'>morsus</span> 
     </span>
    </p>

    <p class='ocr_par' dir='ltr' id='par_1_8' title="bbox 217 2192 1296 2273">
     <span class='ocr_line' id='line_1_21' title="bbox 217 2192 1296 2273; baseline -0.002 -20"><span class='ocrx_word' id='word_1_158' title='bbox 217 2264 223 2273; x_wconf 29' lang='grc' dir='ltr'>ι</span> <span class='ocrx_word' id='word_1_159' title='bbox 323 2196 463 2254; x_wconf 85' lang='lat' dir='ltr'>terarum</span> <span class='ocrx_word' id='word_1_160' title='bbox 478 2210 533 2254; x_wconf 90' lang='lat' dir='ltr'>seu</span> <span class='ocrx_word' id='word_1_161' title='bbox 560 2192 714 2253; x_wconf 87' lang='lat' dir='ltr'>ruinarum</span> <span class='ocrx_word' id='word_1_162' title='bbox 736 2194 836 2253; x_wconf 89' lang='lat' dir='ltr'>subito</span> <span class='ocrx_word' id='word_1_163' title='bbox 857 2196 947 2268; x_wconf 93' lang='lat' dir='ltr'>lapsu</span> <span class='ocrx_word' id='word_1_164' title='bbox 972 2192 1195 2266; x_wconf 88' lang='lat' dir='ltr'>procidentium</span> <span class='ocrx_word' id='word_1_165' title='bbox 1221 2210 1296 2268; x_wconf 89' lang='lat' dir='ltr'>pon-</span> 
     </span>
    </p>

    <p class='ocr_par' dir='ltr' id='par_1_9' title="bbox 294 2276 1294 2350">
     <span class='ocr_line' id='line_1_22' title="bbox 294 2276 1294 2350; baseline -0.002 -13"><span class='ocrx_word' id='word_1_166' title='bbox 294 2278 405 2337; x_wconf 77' lang='lat' dir='ltr'>tdera.</span> <span class='ocrx_word' id='word_1_167' title='bbox 429 2276 580 2349; x_wconf 88' lang='lat' dir='ltr'>Numquid</span> <span class='ocrx_word' id='word_1_168' title='bbox 597 2278 727 2350; x_wconf 90' lang='lat' dir='ltr'>amplius</span> <span class='ocrx_word' id='word_1_169' title='bbox 743 2279 844 2335; x_wconf 89' lang='lat' dir='ltr'>lacere</span> <span class='ocrx_word' id='word_1_170' title='bbox 865 2284 1009 2349; x_wconf 87' lang='lat' dir='ltr'>possunt,</span> <span class='ocrx_word' id='word_1_171' title='bbox 1026 2292 1115 2349; x_wconf 88' lang='lat' dir='ltr'>quam</span> <span class='ocrx_word' id='word_1_172' title='bbox 1131 2283 1164 2335; x_wconf 90' lang='lat' dir='ltr'>nt</span> <span class='ocrx_word' id='word_1_173' title='bbox 1179 2292 1294 2349; x_wconf 88' lang='lat' dir='ltr'>corpus</span> 
     </span>
    </p>

    <p class='ocr_par' dir='ltr' id='par_1_10' title="bbox 231 2359 1295 2600">
     <span class='ocr_line' id='line_1_23' title="bbox 231 2359 1295 2433; baseline -0.001 -14"><span class='ocrx_word' id='word_1_174' title='bbox 231 2416 236 2428; x_wconf 88' lang='grc'>,</span> <span class='ocrx_word' id='word_1_175' title='bbox 323 2360 361 2419; x_wconf 89' lang='lat' dir='ltr'>ab</span> <span class='ocrx_word' id='word_1_176' title='bbox 384 2359 483 2419; x_wconf 90' lang='lat' dir='ltr'>animo</span> <span class='ocrx_word' id='word_1_177' title='bbox 501 2362 692 2419; x_wconf 72' lang='lat' dir='ltr'>resolvatur?</span> <span class='ocrx_word' id='word_1_178' title='bbox 720 2360 780 2419; x_wconf 89' lang='lat' dir='ltr'>hoc</span> <span class='ocrx_word' id='word_1_179' title='bbox 803 2362 886 2419; x_wconf 91' lang='lat' dir='ltr'>nulla</span> <span class='ocrx_word' id='word_1_180' title='bbox 906 2360 1060 2433; x_wconf 83' lang='lat' dir='ltr'>diligentia</span> <span class='ocrx_word' id='word_1_181' title='bbox 1082 2361 1188 2431; x_wconf 77' lang='lat' dir='ltr'>evitat,</span> <span class='ocrx_word' id='word_1_182' title='bbox 1215 2362 1295 2418; x_wconf 87' lang='lat' dir='ltr'>nulla</span> 
     </span>
     <span class='ocr_line' id='line_1_24' title="bbox 324 2442 1294 2518; baseline 0.001 -18"><span class='ocrx_word' id='word_1_183' title='bbox 324 2443 452 2502; x_wconf 82' lang='lat' dir='ltr'>felicitas</span> <span class='ocrx_word' id='word_1_184' title='bbox 469 2443 577 2517; x_wconf 88' lang='lat' dir='ltr'>donat,</span> <span class='ocrx_word' id='word_1_185' title='bbox 589 2445 670 2502; x_wconf 89' lang='lat' dir='ltr'>nulla</span> <span class='ocrx_word' id='word_1_186' title='bbox 686 2444 821 2518; x_wconf 88' lang='lat' dir='ltr'>potentia</span> <span class='ocrx_word' id='word_1_187' title='bbox 833 2444 954 2513; x_wconf 83' lang='lat' dir='ltr'>evincit,</span> <span class='ocrx_word' id='word_1_188' title='bbox 974 2444 1046 2502; x_wconf 87' lang='lat' dir='ltr'>talia</span> <span class='ocrx_word' id='word_1_189' title='bbox 1058 2442 1143 2500; x_wconf 88' lang='lat' dir='ltr'>varia</span> <span class='ocrx_word' id='word_1_190' title='bbox 1159 2443 1294 2503; x_wconf 82' lang='lat' dir='ltr'>lorslibi·</span> 
     </span>
     <span class='ocr_line' id='line_1_25' title="bbox 323 2525 1294 2600; baseline 0.001 -16"><span class='ocrx_word' id='word_1_191' title='bbox 323 2526 393 2584; x_wconf 88' lang='lat' dir='ltr'>dine</span> <span class='ocrx_word' id='word_1_192' title='bbox 414 2525 564 2600; x_wconf 86' lang='lat' dir='ltr'>disponit:</span> <span class='ocrx_word' id='word_1_193' title='bbox 585 2543 668 2587; x_wconf 89' lang='lat' dir='ltr'>mors</span> <span class='ocrx_word' id='word_1_194' title='bbox 691 2542 797 2586; x_wconf 91' lang='lat' dir='ltr'>omnes</span> <span class='ocrx_word' id='word_1_195' title='bbox 812 2542 912 2600; x_wconf 83' lang='lat' dir='ltr'>aeque</span> <span class='ocrx_word' id='word_1_196' title='bbox 928 2534 1024 2586; x_wconf 89' lang='lat' dir='ltr'>vocat.</span> <span class='ocrx_word' id='word_1_197' title='bbox 1053 2526 1137 2585; x_wconf 86' lang='lat' dir='ltr'>iratis</span> <span class='ocrx_word' id='word_1_198' title='bbox 1156 2526 1206 2585; x_wconf 93' lang='lat' dir='ltr'>dis</span> <span class='ocrx_word' id='word_1_199' title='bbox 1225 2542 1294 2600; x_wconf 86' lang='lat' dir='ltr'>pro-</span> 
     </span>
    </p>

    <p class='ocr_par' dir='ltr' id='par_1_11' title="bbox 291 2600 1294 3103">
     <span class='ocr_line' id='line_1_26' title="bbox 291 2600 1294 2685; baseline -0.003 -14"><span class='ocrx_word' id='word_1_200' title='bbox 291 2600 467 2685; x_wconf 67' lang='lat' dir='ltr'>5pitiis‘que</span> <span class='ocrx_word' id='word_1_201' title='bbox 487 2611 676 2670; x_wconf 90' lang='lat' dir='ltr'>moriendum</span> <span class='ocrx_word' id='word_1_202' title='bbox 698 2618 754 2670; x_wconf 87' lang='lat' dir='ltr'>est.</span> <span class='ocrx_word' id='word_1_203' title='bbox 787 2611 916 2669; x_wconf 86' lang='lat' dir='ltr'>Animus</span> <span class='ocrx_word' id='word_1_204' title='bbox 938 2626 977 2669; x_wconf 85' lang='lat' dir='ltr'>ex</span> <span class='ocrx_word' id='word_1_205' title='bbox 996 2609 1065 2683; x_wconf 90' lang='lat' dir='ltr'>ipsa</span> <span class='ocrx_word' id='word_1_206' title='bbox 1080 2609 1294 2682; x_wconf 83' lang='lat' dir='ltr'>desperatione</span> 
     </span>
     <span class='ocr_line' id='line_1_27' title="bbox 323 2692 1293 2767; baseline -0.004 -14"><span class='ocrx_word' id='word_1_207' title='bbox 323 2701 475 2753; x_wconf 82' lang='lat' dir='ltr'>sumatur:</span> <span class='ocrx_word' id='word_1_208' title='bbox 504 2694 701 2767; x_wconf 83' lang='lat' dir='ltr'>ignavissima</span> <span class='ocrx_word' id='word_1_209' title='bbox 722 2693 876 2767; x_wconf 89' lang='lat' dir='ltr'>animalia,</span> <span class='ocrx_word' id='word_1_210' title='bbox 908 2708 987 2767; x_wconf 87' lang='lat' dir='ltr'>quae</span> <span class='ocrx_word' id='word_1_211' title='bbox 1008 2700 1113 2752; x_wconf 88' lang='lat' dir='ltr'>natura</span> <span class='ocrx_word' id='word_1_212' title='bbox 1133 2692 1293 2765; x_wconf 80' lang='lat' dir='ltr'>adingam</span> 
     </span>
     <span class='ocr_line' id='line_1_28' title="bbox 321 2776 1293 2851; baseline -0.002 -16"><span class='ocrx_word' id='word_1_213' title='bbox 321 2779 440 2850; x_wconf 88' lang='lat' dir='ltr'>genuit,</span> <span class='ocrx_word' id='word_1_214' title='bbox 461 2776 512 2836; x_wconf 89' lang='lat' dir='ltr'>ubi</span> <span class='ocrx_word' id='word_1_215' title='bbox 534 2777 633 2837; x_wconf 88' lang='lat' dir='ltr'>exitus</span> <span class='ocrx_word' id='word_1_216' title='bbox 655 2794 716 2835; x_wconf 92' lang='lat' dir='ltr'>non</span> <span class='ocrx_word' id='word_1_217' title='bbox 733 2784 830 2851; x_wconf 89' lang='lat' dir='ltr'>patet,</span> <span class='ocrx_word' id='word_1_218' title='bbox 852 2784 1001 2851; x_wconf 89' lang='lat' dir='ltr'>temptant</span> <span class='ocrx_word' id='word_1_219' title='bbox 1015 2792 1147 2851; x_wconf 87' lang='lat' dir='ltr'>pugnam</span> <span class='ocrx_word' id='word_1_220' title='bbox 1163 2790 1293 2849; x_wconf 89' lang='lat' dir='ltr'>corpore</span> 
     </span>
     <span class='ocr_line' id='line_1_29' title="bbox 323 2859 1292 2934; baseline 0 -17"><span class='ocrx_word' id='word_1_221' title='bbox 323 2859 437 2919; x_wconf 89' lang='lat' dir='ltr'>inbelli.</span> <span class='ocrx_word' id='word_1_222' title='bbox 467 2859 568 2918; x_wconf 93' lang='lat' dir='ltr'>nullus</span> <span class='ocrx_word' id='word_1_223' title='bbox 591 2859 795 2934; x_wconf 89' lang='lat' dir='ltr'>perniciosior</span> <span class='ocrx_word' id='word_1_224' title='bbox 807 2860 907 2921; x_wconf 78' lang='lat' dir='ltr'>hostIs</span> <span class='ocrx_word' id='word_1_225' title='bbox 925 2867 973 2920; x_wconf 90' lang='lat' dir='ltr'>est</span> <span class='ocrx_word' id='word_1_226' title='bbox 988 2876 1078 2934; x_wconf 89' lang='lat' dir='ltr'>quam</span> <span class='ocrx_word' id='word_1_227' title='bbox 1094 2876 1186 2933; x_wconf 87' lang='lat' dir='ltr'>quem</span> <span class='ocrx_word' id='word_1_228' title='bbox 1201 2860 1292 2918; x_wconf 89' lang='lat' dir='ltr'>auda·</span> 
     </span>
     <span class='ocr_line' id='line_1_30' title="bbox 323 2943 1292 3016; baseline -0.001 -16"><span class='ocrx_word' id='word_1_229' title='bbox 323 2957 386 3000; x_wconf 93' lang='lat' dir='ltr'>cem</span> <span class='ocrx_word' id='word_1_230' title='bbox 403 2944 561 3016; x_wconf 79' lang='lat' dir='ltr'>angustiae</span> <span class='ocrx_word' id='word_1_231' title='bbox 575 2943 696 3014; x_wconf 91' lang='lat' dir='ltr'>laciunt,</span> <span class='ocrx_word' id='word_1_232' title='bbox 711 2945 864 3016; x_wconf 86' lang='lat' dir='ltr'>longeque</span> <span class='ocrx_word' id='word_1_233' title='bbox 876 2944 1036 3003; x_wconf 90' lang='lat' dir='ltr'>violentius</span> <span class='ocrx_word' id='word_1_234' title='bbox 1052 2955 1174 3016; x_wconf 87' lang='lat' dir='ltr'>semper</span> <span class='ocrx_word' id='word_1_235' title='bbox 1189 2958 1229 3001; x_wconf 86' lang='lat' dir='ltr'>ex</span> <span class='ocrx_word' id='word_1_236' title='bbox 1243 2958 1292 2999; x_wconf 76' lang='lat' dir='ltr'>ne</span> 
     </span>
     <span class='ocr_line' id='line_1_31' title="bbox 322 3024 1293 3103; baseline 0 -20"><span class='ocrx_word' id='word_1_237' title='bbox 322 3026 463 3085; x_wconf 88' lang='lat' dir='ltr'>cessitate</span> <span class='ocrx_word' id='word_1_238' title='bbox 485 3042 576 3099; x_wconf 88' lang='lat' dir='ltr'>quam</span> <span class='ocrx_word' id='word_1_239' title='bbox 597 3041 636 3083; x_wconf 86' lang='lat' dir='ltr'>ex</span> <span class='ocrx_word' id='word_1_240' title='bbox 657 3024 765 3085; x_wconf 88' lang='lat' dir='ltr'>virtute</span> <span class='ocrx_word' id='word_1_241' title='bbox 787 3028 949 3101; x_wconf 87' lang='lat' dir='ltr'>corruitur,</span> <span class='ocrx_word' id='word_1_242' title='bbox 978 3028 1113 3103; x_wconf 79' lang='lat' dir='ltr'>[maiora]</span> <span class='ocrx_word' id='word_1_243' title='bbox 1140 3032 1193 3085; x_wconf 91' lang='lat' dir='ltr'>aut</span> <span class='ocrx_word' id='word_1_244' title='bbox 1213 3033 1293 3084; x_wconf 88' lang='lat' dir='ltr'>certe</span> 
     </span>
    </p>

    <p class='ocr_par' dir='ltr' id='par_1_12' title="bbox 288 3107 1293 3514">
     <span class='ocr_line' id='line_1_32' title="bbox 288 3107 1292 3185; baseline -0.006 -12"><span class='ocrx_word' id='word_1_245' title='bbox 288 3107 404 3184; x_wconf 81' lang='lat' dir='ltr'>liparia</span> <span class='ocrx_word' id='word_1_246' title='bbox 430 3116 557 3169; x_wconf 89' lang='lat' dir='ltr'>conatur</span> <span class='ocrx_word' id='word_1_247' title='bbox 578 3109 697 3170; x_wconf 91' lang='lat' dir='ltr'>animus</span> <span class='ocrx_word' id='word_1_248' title='bbox 722 3126 851 3183; x_wconf 88' lang='lat' dir='ltr'>magnus</span> <span class='ocrx_word' id='word_1_249' title='bbox 877 3127 912 3169; x_wconf 91' lang='lat' dir='ltr'>ac</span> <span class='ocrx_word' id='word_1_250' title='bbox 940 3110 1086 3185; x_wconf 90' lang='lat' dir='ltr'>perditus.</span> <span class='ocrx_word' id='word_1_251' title='bbox 1120 3108 1292 3181; x_wconf 85' lang='lat' dir='ltr'>Cogitemus</span> 
     </span>
     <span class='ocr_line' id='line_1_33' title="bbox 321 3191 1293 3267; baseline -0.001 -17"><span class='ocrx_word' id='word_1_252' title='bbox 321 3208 395 3266; x_wconf 90' lang='lat' dir='ltr'>nos,</span> <span class='ocrx_word' id='word_1_253' title='bbox 417 3201 561 3267; x_wconf 90' lang='lat' dir='ltr'>quantum</span> <span class='ocrx_word' id='word_1_254' title='bbox 583 3194 621 3252; x_wconf 87' lang='lat' dir='ltr'>ad</span> <span class='ocrx_word' id='word_1_255' title='bbox 637 3201 780 3265; x_wconf 89' lang='lat' dir='ltr'>mortem,</span> <span class='ocrx_word' id='word_1_256' title='bbox 799 3194 936 3267; x_wconf 88' lang='lat' dir='ltr'>perditos</span> <span class='ocrx_word' id='word_1_257' title='bbox 957 3209 1044 3252; x_wconf 87' lang='lat' dir='ltr'>esse:</span> <span class='ocrx_word' id='word_1_258' title='bbox 1065 3201 1095 3251; x_wconf 91' lang='lat' dir='ltr'>et</span> <span class='ocrx_word' id='word_1_259' title='bbox 1109 3208 1226 3251; x_wconf 91' lang='lat' dir='ltr'>sumus.</span> <span class='ocrx_word' id='word_1_260' title='bbox 1250 3191 1293 3250; x_wconf 88' lang='lat' dir='ltr'>lta</span> 
     </span>
     <span class='ocr_line' id='line_1_34' title="bbox 321 3274 1292 3348; baseline -0.001 -14"><span class='ocrx_word' id='word_1_261' title='bbox 321 3284 382 3348; x_wconf 92' lang='lat' dir='ltr'>est,</span> <span class='ocrx_word' id='word_1_262' title='bbox 405 3276 515 3336; x_wconf 86' lang='lat' dir='ltr'>Lucili:</span> <span class='ocrx_word' id='word_1_263' title='bbox 537 3292 643 3335; x_wconf 91' lang='lat' dir='ltr'>omnes</span> <span class='ocrx_word' id='word_1_264' title='bbox 661 3292 855 3336; x_wconf 87' lang='lat' dir='ltr'>reservamur</span> <span class='ocrx_word' id='word_1_265' title='bbox 871 3277 910 3335; x_wconf 88' lang='lat' dir='ltr'>ad</span> <span class='ocrx_word' id='word_1_266' title='bbox 930 3285 1066 3336; x_wconf 86' lang='lat' dir='ltr'>mortem.</span> <span class='ocrx_word' id='word_1_267' title='bbox 1095 3283 1190 3335; x_wconf 89' lang='lat' dir='ltr'>totum</span> <span class='ocrx_word' id='word_1_268' title='bbox 1212 3274 1292 3334; x_wconf 86' lang='lat' dir='ltr'>hune</span> 
     </span>
     <span class='ocr_line' id='line_1_35' title="bbox 322 3360 1291 3434; baseline -0.003 -15"><span class='ocrx_word' id='word_1_269' title='bbox 322 3375 412 3434; x_wconf 88' lang='lat' dir='ltr'>quem</span> <span class='ocrx_word' id='word_1_270' title='bbox 427 3361 514 3420; x_wconf 90' lang='lat' dir='ltr'>vides</span> <span class='ocrx_word' id='word_1_271' title='bbox 531 3362 693 3434; x_wconf 90' lang='lat' dir='ltr'>populum,</span> <span class='ocrx_word' id='word_1_272' title='bbox 714 3367 810 3420; x_wconf 91' lang='lat' dir='ltr'>totum</span> <span class='ocrx_word' id='word_1_273' title='bbox 826 3376 916 3434; x_wconf 89' lang='lat' dir='ltr'>quem</span> <span class='ocrx_word' id='word_1_274' title='bbox 932 3377 1062 3434; x_wconf 88' lang='lat' dir='ltr'>usquam</span> <span class='ocrx_word' id='word_1_275' title='bbox 1079 3360 1195 3433; x_wconf 83' lang='lat' dir='ltr'>cogitas</span> <span class='ocrx_word' id='word_1_276' title='bbox 1212 3373 1291 3430; x_wconf 90' lang='lat' dir='ltr'>esse,</span> 
     </span>
     <span class='ocr_line' id='line_1_36' title="bbox 322 3441 1292 3514; baseline -0.003 -12"><span class='ocrx_word' id='word_1_277' title='bbox 322 3444 380 3503; x_wconf 93' lang='lat' dir='ltr'>cito</span> <span class='ocrx_word' id='word_1_278' title='bbox 400 3450 509 3503; x_wconf 87' lang='lat' dir='ltr'>natura</span> <span class='ocrx_word' id='word_1_279' title='bbox 526 3444 682 3503; x_wconf 91' lang='lat' dir='ltr'>revocabit</span> <span class='ocrx_word' id='word_1_280' title='bbox 702 3451 730 3503; x_wconf 89' lang='lat' dir='ltr'>et</span> <span class='ocrx_word' id='word_1_281' title='bbox 753 3444 878 3503; x_wconf 82' lang='lat' dir='ltr'>condet:</span> <span class='ocrx_word' id='word_1_282' title='bbox 899 3459 955 3503; x_wconf 88' lang='lat' dir='ltr'>nec</span> <span class='ocrx_word' id='word_1_283' title='bbox 978 3444 1017 3502; x_wconf 91' lang='lat' dir='ltr'>de</span> <span class='ocrx_word' id='word_1_284' title='bbox 1038 3460 1086 3514; x_wconf 87' lang='lat' dir='ltr'>re,</span> <span class='ocrx_word' id='word_1_285' title='bbox 1110 3444 1165 3501; x_wconf 92' lang='lat' dir='ltr'>sed</span> <span class='ocrx_word' id='word_1_286' title='bbox 1189 3443 1228 3501; x_wconf 88' lang='lat' dir='ltr'>de</span> <span class='ocrx_word' id='word_1_287' title='bbox 1244 3441 1292 3499; x_wconf 91' lang='lat' dir='ltr'>die</span> 
     </span>
    </p>

    <p class='ocr_par' dir='ltr' id='par_1_13' title="bbox 288 3524 1293 3602">
     <span class='ocr_line' id='line_1_37' title="bbox 288 3524 1293 3602; baseline -0.005 -15"><span class='ocrx_word' id='word_1_288' title='bbox 288 3533 304 3587; x_wconf 86' lang='grc'><strong>7</strong></span> <span class='ocrx_word' id='word_1_289' title='bbox 321 3527 483 3602; x_wconf 83' lang='lat' dir='ltr'>quaeritur.</span> <span class='ocrx_word' id='word_1_290' title='bbox 514 3528 628 3587; x_wconf 88' lang='lat' dir='ltr'>Eodem</span> <span class='ocrx_word' id='word_1_291' title='bbox 652 3527 738 3587; x_wconf 88' lang='lat' dir='ltr'>citius</span> <span class='ocrx_word' id='word_1_292' title='bbox 754 3527 911 3587; x_wconf 88' lang='lat' dir='ltr'>tardiusve</span> <span class='ocrx_word' id='word_1_293' title='bbox 927 3528 1108 3586; x_wconf 89' lang='lat' dir='ltr'>veniendum</span> <span class='ocrx_word' id='word_1_294' title='bbox 1125 3534 1180 3586; x_wconf 92' lang='lat' dir='ltr'>est.</span> <span class='ocrx_word' id='word_1_295' title='bbox 1214 3524 1293 3597; x_wconf 86' lang='lat' dir='ltr'>Quid</span> 
     </span>
    </p>

    <p class='ocr_par' dir='ltr' id='par_1_14' title="bbox 322 3608 1292 3690">
     <span class='ocr_line' id='line_1_38' title="bbox 322 3608 1292 3690; baseline -0.002 -21"><span class='ocrx_word' id='word_1_296' title='bbox 322 3618 417 3683; x_wconf 79' lang='lat' dir='ltr'>ergot</span> <span class='ocrx_word' id='word_1_297' title='bbox 442 3629 503 3672; x_wconf 93' lang='lat' dir='ltr'>non</span> <span class='ocrx_word' id='word_1_298' title='bbox 527 3611 578 3671; x_wconf 89' lang='lat' dir='ltr'>tibi</span> <span class='ocrx_word' id='word_1_299' title='bbox 598 3611 808 3670; x_wconf 88' lang='lat' dir='ltr'>timidissimus</span> <span class='ocrx_word' id='word_1_300' title='bbox 831 3611 964 3670; x_wconf 90' lang='lat' dir='ltr'>omnium</span> <span class='ocrx_word' id='word_1_301' title='bbox 980 3618 1010 3670; x_wconf 88' lang='grc' dir='ltr'>ει</span> <span class='ocrx_word' id='word_1_302' title='bbox 1023 3608 1292 3690; x_wconf 84' lang='lat' dir='ltr'>insipientissimus</span> 
     </span>
    </p>
   </div>
   <div class='ocr_carea' id='block_1_3' title="bbox 320 3692 1293 3770">
    <p class='ocr_par' dir='ltr' id='par_1_15' title="bbox 320 3692 1293 3770">
     <span class='ocr_line' id='line_1_39' title="bbox 320 3692 1293 3770; baseline 0.002 -19"><span class='ocrx_word' id='word_1_303' title='bbox 320 3692 452 3768; x_wconf 86' lang='lat' dir='ltr'>videtur,</span> <span class='ocrx_word' id='word_1_304' title='bbox 474 3696 526 3770; x_wconf 89' lang='lat' dir='ltr'>qui</span> <span class='ocrx_word' id='word_1_305' title='bbox 547 3710 656 3768; x_wconf 84' lang='lat' dir='ltr'>magno</span> <span class='ocrx_word' id='word_1_306' title='bbox 680 3694 793 3755; x_wconf 89' lang='lat' dir='ltr'>ambitu</span> <span class='ocrx_word' id='word_1_307' title='bbox 806 3700 894 3770; x_wconf 87' lang='lat' dir='ltr'>rogat</span> <span class='ocrx_word' id='word_1_308' title='bbox 911 3709 1027 3754; x_wconf 85' lang='lat' dir='ltr'>moram</span> <span class='ocrx_word' id='word_1_309' title='bbox 1043 3693 1169 3754; x_wconf 69' lang='lat' dir='ltr'>mortis?</span> <span class='ocrx_word' id='word_1_310' title='bbox 1190 3708 1293 3753; x_wconf 86' lang='lat' dir='ltr'>nonne</span> 
     </span>
    </p>
   </div>
   <div class='ocr_carea' id='block_1_4' title="bbox 0 0 1476 4384">
    <p class='ocr_par' dir='ltr' id='par_1_16' title="bbox 0 0 1476 4384">
     <span class='ocr_line' id='line_1_40' title="bbox 0 0 1476 4384; baseline 0 2"><span class='ocrx_word' id='word_1_311' title='bbox 0 0 1476 4384; x_wconf 95' lang='lat' dir='ltr'> </span> 
     </span>
    </p>
   </div>
  </div>
 </body>
</html>
