<?xml version="1.0" encoding="UTF-8"?>
<!DOCTYPE html PUBLIC "-//W3C//DTD XHTML 1.0 Transitional//EN"
    "http://www.w3.org/TR/xhtml1/DTD/xhtml1-transitional.dtd">
<html xmlns="http://www.w3.org/1999/xhtml" xml:lang="en" lang="en">
 <head>
  <title>
</title>
<meta http-equiv="Content-Type" content="text/html;charset=utf-8" />
  <meta name='ocr-system' content='tesseract 3.04.00' />
  <meta name='ocr-capabilities' content='ocr_page ocr_carea ocr_par ocr_line ocrx_word'/>
</head>
<body>
  <div class='ocr_page' id='page_1' title='image "./lannaeisenecaeo07senegoog_0225.png"; bbox 0 0 2942 4384; ppageno 0'>
   <div class='ocr_carea' id='block_1_1' title="bbox 297 338 308 363">
    <p class='ocr_par' dir='ltr' id='par_1_1' title="bbox 297 338 308 363">
     <span class='ocr_line' id='line_1_1' title="bbox 297 338 308 363; baseline 0 0"><span class='ocrx_word' id='word_1_1' title='bbox 297 338 308 363; x_wconf 59' lang='grc' dir='ltr'>ἱ</span> 
     </span>
    </p>
   </div>
   <div class='ocr_carea' id='block_1_2' title="bbox 240 447 1165 525">
    <p class='ocr_par' dir='ltr' id='par_1_2' title="bbox 240 447 1165 525">
     <span class='ocr_line' id='line_1_2' title="bbox 240 447 1165 525; baseline 0.002 -14"><span class='ocrx_word' id='word_1_2' title='bbox 240 448 415 511; x_wconf 76' lang='lat' dir='ltr'>SENECAE</span> <span class='ocrx_word' id='word_1_3' title='bbox 435 450 576 512; x_wconf 81' lang='lat' dir='ltr'><strong>NATUR.</strong></span> <span class='ocrx_word' id='word_1_4' title='bbox 592 449 753 525; x_wconf 79' lang='lat' dir='ltr'>QUAEST.</span> <span class='ocrx_word' id='word_1_5' title='bbox 774 450 907 510; x_wconf 88' lang='lat' dir='ltr'>LlB.IlI.</span> <span class='ocrx_word' id='word_1_6' title='bbox 927 450 1063 511; x_wconf 81' lang='lat' dir='ltr'>PRAEF.</span> <span class='ocrx_word' id='word_1_7' title='bbox 1105 447 1165 513; x_wconf 67' lang='lat' dir='ltr'>ale</span> 
     </span>
    </p>
   </div>
   <div class='ocr_carea' id='block_1_3' title="bbox 190 605 1269 3751">
    <p class='ocr_par' dir='ltr' id='par_1_3' title="bbox 190 605 1269 3751">
     <span class='ocr_line' id='line_1_3' title="bbox 198 605 1168 686; baseline -0.003 -21"><span class='ocrx_word' id='word_1_8' title='bbox 198 608 284 675; x_wconf 90' lang='lat' dir='ltr'>dam,</span> <span class='ocrx_word' id='word_1_9' title='bbox 312 605 382 665; x_wconf 90' lang='lat' dir='ltr'>dum</span> <span class='ocrx_word' id='word_1_10' title='bbox 404 612 471 686; x_wconf 81' lang='lat' dir='ltr'>aeta</span> <span class='ocrx_word' id='word_1_11' title='bbox 490 620 596 677; x_wconf 82' lang='lat' dir='ltr'>regum</span> <span class='ocrx_word' id='word_1_12' title='bbox 612 610 805 663; x_wconf 89' lang='lat' dir='ltr'>externorum</span> <span class='ocrx_word' id='word_1_13' title='bbox 821 610 999 676; x_wconf 89' lang='lat' dir='ltr'>conponunt</span> <span class='ocrx_word' id='word_1_14' title='bbox 1026 619 1168 676; x_wconf 90' lang='lat' dir='ltr'>quaeque</span> 
     </span>
     <span class='ocr_line' id='line_1_4' title="bbox 198 686 1167 765; baseline -0.004 -17"><span class='ocrx_word' id='word_1_15' title='bbox 198 689 286 765; x_wconf 88' lang='lat' dir='ltr'>passi</span> <span class='ocrx_word' id='word_1_16' title='bbox 311 689 440 747; x_wconf 90' lang='lat' dir='ltr'>invicem</span> <span class='ocrx_word' id='word_1_17' title='bbox 466 688 594 761; x_wconf 80' lang='lat' dir='ltr'>ausique</span> <span class='ocrx_word' id='word_1_18' title='bbox 616 695 686 746; x_wconf 90' lang='lat' dir='ltr'>sunt</span> <span class='ocrx_word' id='word_1_19' title='bbox 707 687 827 761; x_wconf 86' lang='lat' dir='ltr'>populi:</span> <span class='ocrx_word' id='word_1_20' title='bbox 855 692 967 760; x_wconf 90' lang='lat' dir='ltr'>quanto</span> <span class='ocrx_word' id='word_1_21' title='bbox 989 686 1085 744; x_wconf 90' lang='lat' dir='ltr'>satius</span> <span class='ocrx_word' id='word_1_22' title='bbox 1111 694 1167 755; x_wconf 88' lang='lat' dir='ltr'>est,</span> 
     </span>
     <span class='ocr_line' id='line_1_5' title="bbox 198 768 1169 844; baseline -0.006 -13"><span class='ocrx_word' id='word_1_23' title='bbox 198 788 254 831; x_wconf 88' lang='lat' dir='ltr'>sua</span> <span class='ocrx_word' id='word_1_24' title='bbox 283 774 362 831; x_wconf 90' lang='lat' dir='ltr'>mala</span> <span class='ocrx_word' id='word_1_25' title='bbox 390 772 585 844; x_wconf 81' lang='lat' dir='ltr'>exstinguere</span> <span class='ocrx_word' id='word_1_26' title='bbox 617 787 706 844; x_wconf 92' lang='lat' dir='ltr'>quam</span> <span class='ocrx_word' id='word_1_27' title='bbox 739 769 837 828; x_wconf 90' lang='lat' dir='ltr'>aliena</span> <span class='ocrx_word' id='word_1_28' title='bbox 867 768 998 843; x_wconf 77' lang='lat' dir='ltr'>posteris</span> <span class='ocrx_word' id='word_1_29' title='bbox 1028 768 1169 827; x_wconf 74' lang='lat' dir='ltr'>traderet</span> 
     </span>
     <span class='ocr_line' id='line_1_6' title="bbox 199 848 1169 933; baseline -0.007 -19"><span class='ocrx_word' id='word_1_30' title='bbox 199 862 313 929; x_wconf 88' lang='lat' dir='ltr'>quanto</span> <span class='ocrx_word' id='word_1_31' title='bbox 339 855 455 928; x_wconf 86' lang='lat' dir='ltr'>potius,</span> <span class='ocrx_word' id='word_1_32' title='bbox 481 854 607 914; x_wconf 89' lang='lat' dir='ltr'>deorum</span> <span class='ocrx_word' id='word_1_33' title='bbox 633 869 728 927; x_wconf 91' lang='lat' dir='ltr'>opera</span> <span class='ocrx_word' id='word_1_34' title='bbox 746 848 908 933; x_wconf 88' lang='lat' dir='ltr'>&#39;celebrare</span> <span class='ocrx_word' id='word_1_35' title='bbox 935 869 1026 926; x_wconf 91' lang='lat' dir='ltr'>quam</span> <span class='ocrx_word' id='word_1_36' title='bbox 1040 850 1169 924; x_wconf 86' lang='lat' dir='ltr'>Philippi</span> 
     </span>
     <span class='ocr_line' id='line_1_7' title="bbox 193 934 1243 1010; baseline -0.006 -14"><span class='ocrx_word' id='word_1_37' title='bbox 193 945 250 998; x_wconf 88' lang='lat' dir='ltr'>aut</span> <span class='ocrx_word' id='word_1_38' title='bbox 272 936 440 996; x_wconf 85' lang='lat' dir='ltr'>Alexandri</span> <span class='ocrx_word' id='word_1_39' title='bbox 461 936 617 997; x_wconf 77' lang='lat' dir='ltr'>iatrocinia</span> <span class='ocrx_word' id='word_1_40' title='bbox 637 944 885 1008; x_wconf 88' lang='lat' dir='ltr'>ceterorumque,</span> <span class='ocrx_word' id='word_1_41' title='bbox 907 937 959 1010; x_wconf 91' lang='lat' dir='ltr'>qui</span> <span class='ocrx_word' id='word_1_42' title='bbox 980 934 1072 993; x_wconf 92' lang='lat' dir='ltr'>exitio</span> <span class='ocrx_word' id='word_1_43' title='bbox 1095 950 1168 1006; x_wconf 84' lang='lat' dir='ltr'>gen·</span> <span class='ocrx_word' id='word_1_44' title='bbox 1238 953 1243 961; x_wconf 91' lang='lat'><strong>·</strong></span> 
     </span>
     <span class='ocr_line' id='line_1_8' title="bbox 195 1018 1168 1093; baseline -0.005 -14"><span class='ocrx_word' id='word_1_45' title='bbox 195 1021 269 1079; x_wconf 92' lang='lat' dir='ltr'>tium</span> <span class='ocrx_word' id='word_1_46' title='bbox 293 1020 366 1079; x_wconf 89' lang='lat' dir='ltr'>clari</span> <span class='ocrx_word' id='word_1_47' title='bbox 387 1036 447 1078; x_wconf 91' lang='lat' dir='ltr'>non</span> <span class='ocrx_word' id='word_1_48' title='bbox 469 1021 601 1079; x_wconf 90' lang='lat' dir='ltr'>minores</span> <span class='ocrx_word' id='word_1_49' title='bbox 617 1022 701 1077; x_wconf 86' lang='lat' dir='ltr'>luere</span> <span class='ocrx_word' id='word_1_50' title='bbox 717 1029 820 1093; x_wconf 90' lang='lat' dir='ltr'>pestes</span> <span class='ocrx_word' id='word_1_51' title='bbox 834 1021 1003 1078; x_wconf 81' lang='lat' dir='ltr'>mortalium</span> <span class='ocrx_word' id='word_1_52' title='bbox 1020 1033 1110 1093; x_wconf 90' lang='lat' dir='ltr'>quam</span> <span class='ocrx_word' id='word_1_53' title='bbox 1125 1018 1168 1075; x_wconf 91' lang='lat' dir='ltr'>in-</span> 
     </span>
     <span class='ocr_line' id='line_1_9' title="bbox 196 1098 1168 1176; baseline -0.005 -13"><span class='ocrx_word' id='word_1_54' title='bbox 196 1103 337 1176; x_wconf 89' lang='lat' dir='ltr'>undati0‚</span> <span class='ocrx_word' id='word_1_55' title='bbox 359 1119 421 1176; x_wconf 91' lang='lat' dir='ltr'>qua</span> <span class='ocrx_word' id='word_1_56' title='bbox 443 1105 563 1176; x_wconf 91' lang='lat' dir='ltr'>pianum</span> <span class='ocrx_word' id='word_1_57' title='bbox 584 1117 673 1162; x_wconf 89' lang='lat' dir='ltr'>omne</span> <span class='ocrx_word' id='word_1_58' title='bbox 690 1103 844 1174; x_wconf 84' lang='lat' dir='ltr'>perfusum</span> <span class='ocrx_word' id='word_1_59' title='bbox 861 1109 922 1174; x_wconf 90' lang='lat' dir='ltr'>est,</span> <span class='ocrx_word' id='word_1_60' title='bbox 944 1118 1034 1176; x_wconf 91' lang='lat' dir='ltr'>quam</span> <span class='ocrx_word' id='word_1_61' title='bbox 1055 1098 1168 1159; x_wconf 78' lang='lat' dir='ltr'>contla-</span> 
     </span>
     <span class='ocr_line' id='line_1_10' title="bbox 195 1184 1199 1259; baseline -0.003 -15"><span class='ocrx_word' id='word_1_62' title='bbox 195 1187 310 1259; x_wconf 85' lang='lat' dir='ltr'>gralio,</span> <span class='ocrx_word' id='word_1_63' title='bbox 332 1202 393 1258; x_wconf 93' lang='lat' dir='ltr'>qua</span> <span class='ocrx_word' id='word_1_64' title='bbox 415 1202 487 1259; x_wconf 89' lang='lat' dir='ltr'>pars</span> <span class='ocrx_word' id='word_1_65' title='bbox 508 1201 615 1258; x_wconf 85' lang='lat' dir='ltr'>magna</span> <span class='ocrx_word' id='word_1_66' title='bbox 636 1186 829 1244; x_wconf 90' lang='lat' dir='ltr'>animantium</span> <span class='ocrx_word' id='word_1_67' title='bbox 846 1186 984 1243; x_wconf 68' lang='lat' dir='ltr'>exaruit?</span> <span class='ocrx_word' id='word_1_68' title='bbox 1019 1184 1199 1256; x_wconf 76' lang='lat' dir='ltr'>Quemadb</span> 
     </span>
     <span class='ocr_line' id='line_1_11' title="bbox 195 1267 1167 1341; baseline -0.005 -14"><span class='ocrx_word' id='word_1_69' title='bbox 195 1269 321 1329; x_wconf 90' lang='lat' dir='ltr'>modum</span> <span class='ocrx_word' id='word_1_70' title='bbox 340 1269 488 1327; x_wconf 87' lang='lat' dir='ltr'>Hannibal</span> <span class='ocrx_word' id='word_1_71' title='bbox 510 1268 708 1341; x_wconf 89' lang='lat' dir='ltr'>superiecerit</span> <span class='ocrx_word' id='word_1_72' title='bbox 727 1268 823 1341; x_wconf 86' lang='lat' dir='ltr'>Alpes</span> <span class='ocrx_word' id='word_1_73' title='bbox 845 1267 990 1327; x_wconf 87' lang='lat' dir='ltr'>scribunt.</span> <span class='ocrx_word' id='word_1_74' title='bbox 1023 1267 1167 1339; x_wconf 90' lang='lat' dir='ltr'>quemad-</span> 
     </span>
     <span class='ocr_line' id='line_1_12' title="bbox 196 1348 1168 1424; baseline -0.005 -14"><span class='ocrx_word' id='word_1_75' title='bbox 196 1352 323 1410; x_wconf 87' lang='lat' dir='ltr'>modum</span> <span class='ocrx_word' id='word_1_76' title='bbox 348 1352 542 1411; x_wconf 87' lang='lat' dir='ltr'>confirmatus</span> <span class='ocrx_word' id='word_1_77' title='bbox 566 1350 732 1424; x_wconf 87' lang='lat' dir='ltr'>Hispaniae</span> <span class='ocrx_word' id='word_1_78' title='bbox 763 1350 901 1409; x_wconf 84' lang='lat' dir='ltr'>cladibus</span> <span class='ocrx_word' id='word_1_79' title='bbox 929 1350 1039 1408; x_wconf 90' lang='lat' dir='ltr'>bellum</span> <span class='ocrx_word' id='word_1_80' title='bbox 1065 1348 1168 1407; x_wconf 89' lang='lat' dir='ltr'>ltaliae</span> 
     </span>
     <span class='ocr_line' id='line_1_13' title="bbox 196 1431 1167 1508; baseline -0.005 -16"><span class='ocrx_word' id='word_1_81' title='bbox 196 1436 373 1508; x_wconf 86' lang='lat' dir='ltr'>inopinatus</span> <span class='ocrx_word' id='word_1_82' title='bbox 393 1435 524 1494; x_wconf 89' lang='lat' dir='ltr'>intulerit</span> <span class='ocrx_word' id='word_1_83' title='bbox 539 1434 704 1507; x_wconf 81' lang='lat' dir='ltr'>tractisque</span> <span class='ocrx_word' id='word_1_84' title='bbox 719 1433 812 1492; x_wconf 92' lang='lat' dir='ltr'>rebus</span> <span class='ocrx_word' id='word_1_85' title='bbox 826 1442 856 1492; x_wconf 91' lang='lat' dir='ltr'>et</span> <span class='ocrx_word' id='word_1_86' title='bbox 871 1442 942 1507; x_wconf 89' lang='lat' dir='ltr'>post</span> <span class='ocrx_word' id='word_1_87' title='bbox 957 1431 1167 1505; x_wconf 82' lang='lat' dir='ltr'>Carthaginem</span> 
     </span>
     <span class='ocr_line' id='line_1_14' title="bbox 196 1513 1167 1591; baseline -0.005 -15"><span class='ocrx_word' id='word_1_88' title='bbox 196 1517 337 1591; x_wconf 82' lang='lat' dir='ltr'>pertinax</span> <span class='ocrx_word' id='word_1_89' title='bbox 351 1532 440 1591; x_wconf 83' lang='lat' dir='ltr'>reges</span> <span class='ocrx_word' id='word_1_90' title='bbox 456 1517 655 1590; x_wconf 85' lang='lat' dir='ltr'>pererraverit</span> <span class='ocrx_word' id='word_1_91' title='bbox 669 1518 776 1575; x_wconf 89' lang='lat' dir='ltr'>ducem</span> <span class='ocrx_word' id='word_1_92' title='bbox 794 1518 987 1590; x_wconf 89' lang='lat' dir='ltr'>promittens,</span> <span class='ocrx_word' id='word_1_93' title='bbox 1002 1513 1167 1573; x_wconf 89' lang='lat' dir='ltr'>exercitum</span> 
     </span>
     <span class='ocr_line' id='line_1_15' title="bbox 196 1597 1269 1675; baseline -0.006 -16"><span class='ocrx_word' id='word_1_94' title='bbox 196 1606 317 1675; x_wconf 87' lang='lat' dir='ltr'>petens.</span> <span class='ocrx_word' id='word_1_95' title='bbox 340 1601 595 1674; x_wconf 90' lang='lat' dir='ltr'>quemadmodum</span> <span class='ocrx_word' id='word_1_96' title='bbox 610 1616 670 1659; x_wconf 91' lang='lat' dir='ltr'>non</span> <span class='ocrx_word' id='word_1_97' title='bbox 686 1600 809 1659; x_wconf 82' lang='lat' dir='ltr'>desierit</span> <span class='ocrx_word' id='word_1_98' title='bbox 820 1600 960 1659; x_wconf 90' lang='lat' dir='ltr'>omnibus</span> <span class='ocrx_word' id='word_1_99' title='bbox 972 1599 1090 1672; x_wconf 84' lang='lat' dir='ltr'>angulis</span> <span class='ocrx_word' id='word_1_100' title='bbox 1104 1597 1167 1654; x_wconf 91' lang='lat' dir='ltr'>bel·</span> <span class='ocrx_word' id='word_1_101' title='bbox 1251 1614 1269 1627; x_wconf 66' lang='lat'><strong>²</strong></span> 
     </span>
     <span class='ocr_line' id='line_1_16' title="bbox 191 1679 1168 1757; baseline -0.003 -17"><span class='ocrx_word' id='word_1_102' title='bbox 191 1684 260 1742; x_wconf 88' lang='lat' dir='ltr'>lum</span> <span class='ocrx_word' id='word_1_103' title='bbox 281 1698 376 1743; x_wconf 89' lang='lat' dir='ltr'>senex</span> <span class='ocrx_word' id='word_1_104' title='bbox 398 1699 560 1757; x_wconf 82' lang='lat' dir='ltr'>quaerere:</span> <span class='ocrx_word' id='word_1_105' title='bbox 582 1683 659 1742; x_wconf 88' lang='lat' dir='ltr'>adeo</span> <span class='ocrx_word' id='word_1_106' title='bbox 682 1684 748 1742; x_wconf 93' lang='lat' dir='ltr'>sine</span> <span class='ocrx_word' id='word_1_107' title='bbox 763 1682 859 1756; x_wconf 89' lang='lat' dir='ltr'>patria</span> <span class='ocrx_word' id='word_1_108' title='bbox 875 1683 936 1756; x_wconf 89' lang='lat' dir='ltr'>pati</span> <span class='ocrx_word' id='word_1_109' title='bbox 952 1689 1083 1755; x_wconf 89' lang='lat' dir='ltr'>poterat,</span> <span class='ocrx_word' id='word_1_110' title='bbox 1101 1679 1168 1738; x_wconf 92' lang='lat' dir='ltr'>sine</span> 
     </span>
     <span class='ocr_line' id='line_1_17' title="bbox 196 1763 1199 1840; baseline -0.004 -16"><span class='ocrx_word' id='word_1_111' title='bbox 196 1766 287 1825; x_wconf 88' lang='lat' dir='ltr'>hoste</span> <span class='ocrx_word' id='word_1_112' title='bbox 298 1782 359 1825; x_wconf 93' lang='lat' dir='ltr'>non</span> <span class='ocrx_word' id='word_1_113' title='bbox 377 1774 502 1840; x_wconf 88' lang='lat' dir='ltr'>poterat.</span> <span class='ocrx_word' id='word_1_114' title='bbox 532 1766 650 1838; x_wconf 86' lang='lat' dir='ltr'>Quanto</span> <span class='ocrx_word' id='word_1_115' title='bbox 665 1767 762 1826; x_wconf 90' lang='lat' dir='ltr'>satius</span> <span class='ocrx_word' id='word_1_116' title='bbox 777 1773 839 1839; x_wconf 91' lang='lat' dir='ltr'>est,</span> <span class='ocrx_word' id='word_1_117' title='bbox 856 1768 928 1840; x_wconf 89' lang='lat' dir='ltr'>quid</span> <span class='ocrx_word' id='word_1_118' title='bbox 944 1766 1114 1824; x_wconf 86' lang='lat' dir='ltr'>iaciendum</span> <span class='ocrx_word' id='word_1_119' title='bbox 1130 1763 1169 1821; x_wconf 89' lang='lat' dir='ltr'>sit</span> <span class='ocrx_word' id='word_1_120' title='bbox 1183 1779 1199 1833; x_wconf 84' lang='lat'>7</span> 
     </span>
     <span class='ocr_line' id='line_1_18' title="bbox 197 1848 1167 1923; baseline -0.003 -16"><span class='ocrx_word' id='word_1_121' title='bbox 197 1864 291 1923; x_wconf 91' lang='lat' dir='ltr'>quam</span> <span class='ocrx_word' id='word_1_122' title='bbox 303 1849 376 1923; x_wconf 91' lang='lat' dir='ltr'>quid</span> <span class='ocrx_word' id='word_1_123' title='bbox 392 1850 503 1908; x_wconf 89' lang='lat' dir='ltr'>lactum</span> <span class='ocrx_word' id='word_1_124' title='bbox 519 1866 681 1923; x_wconf 88' lang='lat' dir='ltr'>quaerere,</span> <span class='ocrx_word' id='word_1_125' title='bbox 697 1864 733 1908; x_wconf 90' lang='lat' dir='ltr'>ac</span> <span class='ocrx_word' id='word_1_126' title='bbox 749 1849 860 1908; x_wconf 90' lang='lat' dir='ltr'>docere</span> <span class='ocrx_word' id='word_1_127' title='bbox 875 1865 945 1921; x_wconf 88' lang='lat' dir='ltr'>eos,</span> <span class='ocrx_word' id='word_1_128' title='bbox 962 1848 1014 1922; x_wconf 92' lang='lat' dir='ltr'>qui</span> <span class='ocrx_word' id='word_1_129' title='bbox 1029 1864 1085 1907; x_wconf 91' lang='lat' dir='ltr'>sua</span> <span class='ocrx_word' id='word_1_130' title='bbox 1099 1862 1167 1919; x_wconf 91' lang='lat' dir='ltr'>per·</span> 
     </span>
     <span class='ocr_line' id='line_1_19' title="bbox 196 1930 1167 2006; baseline -0.005 -15"><span class='ocrx_word' id='word_1_131' title='bbox 196 1932 309 1991; x_wconf 89' lang='lat' dir='ltr'>misere</span> <span class='ocrx_word' id='word_1_132' title='bbox 328 1934 481 2006; x_wconf 80' lang='lat' dir='ltr'>fortunae,</span> <span class='ocrx_word' id='word_1_133' title='bbox 503 1933 574 1991; x_wconf 87' lang='lat' dir='ltr'>nihil</span> <span class='ocrx_word' id='word_1_134' title='bbox 593 1932 700 1992; x_wconf 89' lang='lat' dir='ltr'>stabile</span> <span class='ocrx_word' id='word_1_135' title='bbox 721 1932 759 1990; x_wconf 92' lang='lat' dir='ltr'>ab</span> <span class='ocrx_word' id='word_1_136' title='bbox 776 1934 825 1989; x_wconf 93' lang='lat' dir='ltr'>illa</span> <span class='ocrx_word' id='word_1_137' title='bbox 842 1932 944 1991; x_wconf 88' lang='lat' dir='ltr'>datum</span> <span class='ocrx_word' id='word_1_138' title='bbox 968 1932 1079 2001; x_wconf 81' lang='lat' dir='ltr'>luisse,</span> <span class='ocrx_word' id='word_1_139' title='bbox 1101 1930 1167 1987; x_wconf 90' lang='lat' dir='ltr'>eius</span> 
     </span>
     <span class='ocr_line' id='line_1_20' title="bbox 197 2014 1166 2088; baseline -0.005 -14"><span class='ocrx_word' id='word_1_140' title='bbox 197 2015 301 2074; x_wconf 90' lang='lat' dir='ltr'>omnia</span> <span class='ocrx_word' id='word_1_141' title='bbox 315 2031 387 2075; x_wconf 86' lang='lat' dir='ltr'>aura</span> <span class='ocrx_word' id='word_1_142' title='bbox 403 2015 498 2075; x_wconf 88' lang='lat' dir='ltr'>fluere</span> <span class='ocrx_word' id='word_1_143' title='bbox 515 2015 677 2075; x_wconf 66' lang='lat' dir='ltr'>mobilius?</span> <span class='ocrx_word' id='word_1_144' title='bbox 697 2015 796 2074; x_wconf 89' lang='lat' dir='ltr'>nescit</span> <span class='ocrx_word' id='word_1_145' title='bbox 809 2014 888 2073; x_wconf 89' lang='lat' dir='ltr'>enim</span> <span class='ocrx_word' id='word_1_146' title='bbox 904 2014 1078 2088; x_wconf 80' lang='lat' dir='ltr'>quiescere,</span> <span class='ocrx_word' id='word_1_147' title='bbox 1093 2027 1166 2083; x_wconf 79' lang='lat' dir='ltr'>gau-</span> 
     </span>
     <span class='ocr_line' id='line_1_21' title="bbox 196 2097 1166 2171; baseline -0.005 -15"><span class='ocrx_word' id='word_1_148' title='bbox 196 2098 249 2157; x_wconf 90' lang='lat' dir='ltr'>det</span> <span class='ocrx_word' id='word_1_149' title='bbox 270 2098 359 2157; x_wconf 87' lang='lat' dir='ltr'>lactis</span> <span class='ocrx_word' id='word_1_150' title='bbox 380 2098 476 2158; x_wconf 88' lang='lat' dir='ltr'>tristia</span> <span class='ocrx_word' id='word_1_151' title='bbox 491 2099 690 2171; x_wconf 81' lang='lat' dir='ltr'>substituere,</span> <span class='ocrx_word' id='word_1_152' title='bbox 707 2100 813 2171; x_wconf 87' lang='lat' dir='ltr'>ulique</span> <span class='ocrx_word' id='word_1_153' title='bbox 829 2097 966 2156; x_wconf 89' lang='lat' dir='ltr'>miscere.</span> <span class='ocrx_word' id='word_1_154' title='bbox 998 2098 1102 2169; x_wconf 90' lang='lat' dir='ltr'>ltaque</span> <span class='ocrx_word' id='word_1_155' title='bbox 1118 2110 1166 2152; x_wconf 86' lang='lat' dir='ltr'>se·</span> 
     </span>
     <span class='ocr_line' id='line_1_22' title="bbox 196 2179 1166 2254; baseline -0.003 -15"><span class='ocrx_word' id='word_1_156' title='bbox 196 2179 308 2241; x_wconf 90' lang='lat' dir='ltr'>cundis</span> <span class='ocrx_word' id='word_1_157' title='bbox 329 2197 418 2240; x_wconf 90' lang='lat' dir='ltr'>nemo</span> <span class='ocrx_word' id='word_1_158' title='bbox 440 2181 588 2254; x_wconf 88' lang='lat' dir='ltr'>confidat,</span> <span class='ocrx_word' id='word_1_159' title='bbox 610 2182 751 2241; x_wconf 90' lang='lat' dir='ltr'>adversis</span> <span class='ocrx_word' id='word_1_160' title='bbox 771 2197 860 2239; x_wconf 91' lang='lat' dir='ltr'>nemo</span> <span class='ocrx_word' id='word_1_161' title='bbox 876 2180 1012 2239; x_wconf 84' lang='lat' dir='ltr'>deficiat:</span> <span class='ocrx_word' id='word_1_162' title='bbox 1032 2181 1166 2238; x_wconf 89' lang='lat' dir='ltr'>alternae</span> 
     </span>
     <span class='ocr_line' id='line_1_23' title="bbox 196 2260 1200 2338; baseline 0.001 -17"><span class='ocrx_word' id='word_1_163' title='bbox 196 2271 269 2323; x_wconf 90' lang='lat' dir='ltr'>sunt</span> <span class='ocrx_word' id='word_1_164' title='bbox 288 2265 371 2323; x_wconf 88' lang='lat' dir='ltr'>vices</span> <span class='ocrx_word' id='word_1_165' title='bbox 391 2279 499 2323; x_wconf 90' lang='lat' dir='ltr'>rerum.</span> <span class='ocrx_word' id='word_1_166' title='bbox 531 2265 608 2337; x_wconf 85' lang='lat' dir='ltr'>Quid</span> <span class='ocrx_word' id='word_1_167' title='bbox 628 2266 785 2324; x_wconf 69' lang='lat' dir='ltr'>exsultas?</span> <span class='ocrx_word' id='word_1_168' title='bbox 799 2264 891 2334; x_wconf 89' lang='lat' dir='ltr'>haee,</span> <span class='ocrx_word' id='word_1_169' title='bbox 915 2264 1026 2338; x_wconf 90' lang='lat' dir='ltr'>quibus</span> <span class='ocrx_word' id='word_1_170' title='bbox 1046 2260 1200 2321; x_wconf 76' lang='lat' dir='ltr'>veherisss</span> 
     </span>
     <span class='ocr_line' id='line_1_24' title="bbox 196 2346 1166 2419; baseline -0.004 -14"><span class='ocrx_word' id='word_1_171' title='bbox 196 2348 236 2405; x_wconf 85' lang='lat' dir='ltr'>ad</span> <span class='ocrx_word' id='word_1_172' title='bbox 251 2362 416 2419; x_wconf 88' lang='lat' dir='ltr'>summum,</span> <span class='ocrx_word' id='word_1_173' title='bbox 431 2348 533 2407; x_wconf 90' lang='lat' dir='ltr'>neseis</span> <span class='ocrx_word' id='word_1_174' title='bbox 545 2349 597 2406; x_wconf 90' lang='lat' dir='ltr'>ubi</span> <span class='ocrx_word' id='word_1_175' title='bbox 611 2356 640 2407; x_wconf 90' lang='lat' dir='ltr'>te</span> <span class='ocrx_word' id='word_1_176' title='bbox 655 2348 796 2407; x_wconf 89' lang='lat' dir='ltr'>relictura</span> <span class='ocrx_word' id='word_1_177' title='bbox 810 2348 883 2406; x_wconf 82' lang='lat' dir='ltr'>sint:</span> <span class='ocrx_word' id='word_1_178' title='bbox 899 2346 1054 2405; x_wconf 87' lang='lat' dir='ltr'>habebunt</span> <span class='ocrx_word' id='word_1_179' title='bbox 1067 2361 1166 2411; x_wconf 91' lang='lat' dir='ltr'>sunm,</span> 
     </span>
     <span class='ocr_line' id='line_1_25' title="bbox 195 2430 1166 2503; baseline -0.001 -16"><span class='ocrx_word' id='word_1_180' title='bbox 195 2446 258 2489; x_wconf 91' lang='lat' dir='ltr'>non</span> <span class='ocrx_word' id='word_1_181' title='bbox 272 2436 356 2488; x_wconf 92' lang='lat' dir='ltr'>tuum</span> <span class='ocrx_word' id='word_1_182' title='bbox 371 2431 472 2489; x_wconf 87' lang='lat' dir='ltr'>finem.</span> <span class='ocrx_word' id='word_1_183' title='bbox 501 2431 578 2503; x_wconf 82' lang='lat' dir='ltr'>Quid</span> <span class='ocrx_word' id='word_1_184' title='bbox 594 2432 696 2490; x_wconf 68' lang='lat' dir='ltr'>iaces?</span> <span class='ocrx_word' id='word_1_185' title='bbox 716 2432 755 2489; x_wconf 85' lang='lat' dir='ltr'>ad</span> <span class='ocrx_word' id='word_1_186' title='bbox 771 2430 862 2489; x_wconf 88' lang='lat' dir='ltr'>irnnm</span> <span class='ocrx_word' id='word_1_187' title='bbox 880 2430 1000 2489; x_wconf 83' lang='lat' dir='ltr'>delatus</span> <span class='ocrx_word' id='word_1_188' title='bbox 1015 2445 1063 2488; x_wconf 81' lang='lat' dir='ltr'>es:</span> <span class='ocrx_word' id='word_1_189' title='bbox 1086 2444 1166 2486; x_wconf 92' lang='lat' dir='ltr'>nunc</span> 
     </span>
     <span class='ocr_line' id='line_1_26' title="bbox 195 2512 1167 2587; baseline -0.002 -17"><span class='ocrx_word' id='word_1_190' title='bbox 195 2513 284 2572; x_wconf 90' lang='lat' dir='ltr'>locus</span> <span class='ocrx_word' id='word_1_191' title='bbox 296 2521 344 2573; x_wconf 89' lang='lat' dir='ltr'>est</span> <span class='ocrx_word' id='word_1_192' title='bbox 358 2515 546 2587; x_wconf 81' lang='lat' dir='ltr'>resurgendi.</span> <span class='ocrx_word' id='word_1_193' title='bbox 562 2513 590 2571; x_wconf 94' lang='lat' dir='ltr'>in</span> <span class='ocrx_word' id='word_1_194' title='bbox 604 2514 710 2573; x_wconf 91' lang='lat' dir='ltr'>melius</span> <span class='ocrx_word' id='word_1_195' title='bbox 724 2514 862 2585; x_wconf 90' lang='lat' dir='ltr'>adversa,</span> <span class='ocrx_word' id='word_1_196' title='bbox 875 2514 904 2571; x_wconf 94' lang='lat' dir='ltr'>in</span> <span class='ocrx_word' id='word_1_197' title='bbox 916 2512 1051 2572; x_wconf 90' lang='lat' dir='ltr'>deterius</span> <span class='ocrx_word' id='word_1_198' title='bbox 1064 2518 1167 2584; x_wconf 86' lang='lat' dir='ltr'>optata</span> 
     </span>
     <span class='ocr_line' id='line_1_27' title="bbox 196 2594 1198 2670; baseline 0 -15"><span class='ocrx_word' id='word_1_199' title='bbox 196 2595 368 2656; x_wconf 82' lang='lat' dir='ltr'>flectuntur.</span> <span class='ocrx_word' id='word_1_200' title='bbox 396 2597 458 2655; x_wconf 91' lang='lat' dir='ltr'>Ista</span> <span class='ocrx_word' id='word_1_201' title='bbox 478 2596 679 2670; x_wconf 88' lang='lat' dir='ltr'>concipienda</span> <span class='ocrx_word' id='word_1_202' title='bbox 700 2604 747 2655; x_wconf 89' lang='lat' dir='ltr'>est</span> <span class='ocrx_word' id='word_1_203' title='bbox 766 2596 866 2656; x_wconf 90' lang='lat' dir='ltr'>animo</span> <span class='ocrx_word' id='word_1_204' title='bbox 883 2596 1013 2654; x_wconf 88' lang='lat' dir='ltr'>varietas</span> <span class='ocrx_word' id='word_1_205' title='bbox 1029 2610 1088 2652; x_wconf 90' lang='lat' dir='ltr'>non</span> <span class='ocrx_word' id='word_1_206' title='bbox 1106 2594 1198 2667; x_wconf 82' lang='lat' dir='ltr'>pri-9</span> 
     </span>
     <span class='ocr_line' id='line_1_28' title="bbox 194 2676 1167 2753; baseline -0.003 -17"><span class='ocrx_word' id='word_1_207' title='bbox 194 2686 333 2737; x_wconf 83' lang='lat' dir='ltr'>ratarum</span> <span class='ocrx_word' id='word_1_208' title='bbox 356 2686 469 2738; x_wconf 89' lang='lat' dir='ltr'>tantum</span> <span class='ocrx_word' id='word_1_209' title='bbox 490 2681 648 2750; x_wconf 88' lang='lat' dir='ltr'>domuum,</span> <span class='ocrx_word' id='word_1_210' title='bbox 668 2696 746 2753; x_wconf 89' lang='lat' dir='ltr'>quas</span> <span class='ocrx_word' id='word_1_211' title='bbox 765 2678 841 2739; x_wconf 89' lang='lat' dir='ltr'>levis</span> <span class='ocrx_word' id='word_1_212' title='bbox 855 2682 949 2738; x_wconf 88' lang='lat' dir='ltr'>casus</span> <span class='ocrx_word' id='word_1_213' title='bbox 964 2678 1093 2751; x_wconf 87' lang='lat' dir='ltr'>inpellit,</span> <span class='ocrx_word' id='word_1_214' title='bbox 1109 2676 1167 2734; x_wconf 89' lang='lat' dir='ltr'>sed</span> 
     </span>
     <span class='ocr_line' id='line_1_29' title="bbox 195 2762 1165 2837; baseline -0.004 -16"><span class='ocrx_word' id='word_1_215' title='bbox 195 2762 394 2835; x_wconf 88' lang='lat' dir='ltr'>publicarum.</span> <span class='ocrx_word' id='word_1_216' title='bbox 419 2778 514 2837; x_wconf 84' lang='lat' dir='ltr'>regna</span> <span class='ocrx_word' id='word_1_217' title='bbox 538 2779 577 2822; x_wconf 91' lang='lat' dir='ltr'>ex</span> <span class='ocrx_word' id='word_1_218' title='bbox 604 2763 706 2821; x_wconf 87' lang='lat' dir='ltr'>infimo</span> <span class='ocrx_word' id='word_1_219' title='bbox 732 2770 838 2822; x_wconf 80' lang='lat' dir='ltr'>coorta</span> <span class='ocrx_word' id='word_1_220' title='bbox 863 2778 957 2835; x_wconf 90' lang='lat' dir='ltr'>supra</span> <span class='ocrx_word' id='word_1_221' title='bbox 981 2762 1165 2834; x_wconf 89' lang='lat' dir='ltr'>imperantes</span> 
     </span>
     <span class='ocr_line' id='line_1_30' title="bbox 195 2842 1164 2920; baseline -0.003 -18"><span class='ocrx_word' id='word_1_222' title='bbox 195 2845 410 2918; x_wconf 89' lang='lat' dir='ltr'>constiterunt,</span> <span class='ocrx_word' id='word_1_223' title='bbox 425 2854 527 2905; x_wconf 89' lang='lat' dir='ltr'>vetera</span> <span class='ocrx_word' id='word_1_224' title='bbox 542 2845 669 2919; x_wconf 88' lang='lat' dir='ltr'>imperia</span> <span class='ocrx_word' id='word_1_225' title='bbox 685 2847 714 2904; x_wconf 94' lang='lat' dir='ltr'>in</span> <span class='ocrx_word' id='word_1_226' title='bbox 730 2846 800 2920; x_wconf 91' lang='lat' dir='ltr'>ipso</span> <span class='ocrx_word' id='word_1_227' title='bbox 815 2844 893 2905; x_wconf 88' lang='lat' dir='ltr'>flore</span> <span class='ocrx_word' id='word_1_228' title='bbox 908 2845 1091 2904; x_wconf 90' lang='lat' dir='ltr'>ceciderunt.</span> <span class='ocrx_word' id='word_1_229' title='bbox 1121 2842 1164 2899; x_wconf 93' lang='lat' dir='ltr'>in·</span> 
     </span>
     <span class='ocr_line' id='line_1_31' title="bbox 196 2927 1201 3004; baseline 0 -20"><span class='ocrx_word' id='word_1_230' title='bbox 196 2928 295 2986; x_wconf 90' lang='lat' dir='ltr'>veniri</span> <span class='ocrx_word' id='word_1_231' title='bbox 316 2943 377 2986; x_wconf 93' lang='lat' dir='ltr'>non</span> <span class='ocrx_word' id='word_1_232' title='bbox 400 2935 502 3002; x_wconf 87' lang='lat' dir='ltr'>potest</span> <span class='ocrx_word' id='word_1_233' title='bbox 521 2945 679 3002; x_wconf 85' lang='lat' dir='ltr'>numerus,</span> <span class='ocrx_word' id='word_1_234' title='bbox 702 2947 793 3004; x_wconf 91' lang='lat' dir='ltr'>quam</span> <span class='ocrx_word' id='word_1_235' title='bbox 814 2928 962 2989; x_wconf 90' lang='lat' dir='ltr'>multaab</span> <span class='ocrx_word' id='word_1_236' title='bbox 983 2928 1050 2987; x_wconf 91' lang='lat' dir='ltr'>aliis</span> <span class='ocrx_word' id='word_1_237' title='bbox 1070 2927 1166 2985; x_wconf 83' lang='lat' dir='ltr'>inacta</span> <span class='ocrx_word' id='word_1_238' title='bbox 1199 2995 1201 2997; x_wconf 38' lang='grc'><strong>,</strong></span> 
     </span>
     <span class='ocr_line' id='line_1_32' title="bbox 195 3009 1166 3085; baseline 0 -17"><span class='ocrx_word' id='word_1_239' title='bbox 195 3010 270 3069; x_wconf 80' lang='lat' dir='ltr'>sint:</span> <span class='ocrx_word' id='word_1_240' title='bbox 300 3027 380 3070; x_wconf 90' lang='lat' dir='ltr'>nunc</span> <span class='ocrx_word' id='word_1_241' title='bbox 401 3013 599 3071; x_wconf 88' lang='lat' dir='ltr'>cummaxime</span> <span class='ocrx_word' id='word_1_242' title='bbox 614 3014 691 3073; x_wconf 91' lang='lat' dir='ltr'>dens</span> <span class='ocrx_word' id='word_1_243' title='bbox 706 3014 836 3073; x_wconf 89' lang='lat' dir='ltr'>exstruit</span> <span class='ocrx_word' id='word_1_244' title='bbox 849 3012 923 3085; x_wconf 88' lang='lat' dir='ltr'>alia,</span> <span class='ocrx_word' id='word_1_245' title='bbox 945 3012 1004 3071; x_wconf 92' lang='lat' dir='ltr'>alia</span> <span class='ocrx_word' id='word_1_246' title='bbox 1019 3009 1166 3071; x_wconf 88' lang='lat' dir='ltr'>submittit</span> 
     </span>
     <span class='ocr_line' id='line_1_33' title="bbox 194 3093 1166 3169; baseline -0.001 -18"><span class='ocrx_word' id='word_1_247' title='bbox 194 3108 252 3151; x_wconf 90' lang='lat' dir='ltr'>nec</span> <span class='ocrx_word' id='word_1_248' title='bbox 276 3093 404 3154; x_wconf 90' lang='lat' dir='ltr'>molliter</span> <span class='ocrx_word' id='word_1_249' title='bbox 425 3096 523 3168; x_wconf 88' lang='lat' dir='ltr'>ponit,</span> <span class='ocrx_word' id='word_1_250' title='bbox 546 3097 602 3154; x_wconf 92' lang='lat' dir='ltr'>sed</span> <span class='ocrx_word' id='word_1_251' title='bbox 623 3112 660 3153; x_wconf 93' lang='lat' dir='ltr'>ex</span> <span class='ocrx_word' id='word_1_252' title='bbox 682 3096 803 3169; x_wconf 78' lang='lat' dir='ltr'>fastigio</span> <span class='ocrx_word' id='word_1_253' title='bbox 826 3112 883 3155; x_wconf 91' lang='lat' dir='ltr'>suo</span> <span class='ocrx_word' id='word_1_254' title='bbox 908 3096 1007 3154; x_wconf 89' lang='lat' dir='ltr'>nullas</span> <span class='ocrx_word' id='word_1_255' title='bbox 1028 3093 1166 3152; x_wconf 89' lang='lat' dir='ltr'>habitura</span> 
     </span>
     <span class='ocr_line' id='line_1_34' title="bbox 192 3176 1207 3252; baseline -0.002 -19"><span class='ocrx_word' id='word_1_256' title='bbox 192 3176 341 3250; x_wconf 87' lang='lat' dir='ltr'>reliquias</span> <span class='ocrx_word' id='word_1_257' title='bbox 363 3178 461 3237; x_wconf 88' lang='lat' dir='ltr'>iactat.</span> <span class='ocrx_word' id='word_1_258' title='bbox 496 3179 607 3252; x_wconf 83' lang='lat' dir='ltr'>Magna</span> <span class='ocrx_word' id='word_1_259' title='bbox 629 3178 701 3248; x_wconf 89' lang='lat' dir='ltr'>ista,</span> <span class='ocrx_word' id='word_1_260' title='bbox 724 3180 796 3252; x_wconf 91' lang='lat' dir='ltr'>quia</span> <span class='ocrx_word' id='word_1_261' title='bbox 816 3176 903 3251; x_wconf 91' lang='lat' dir='ltr'>parvi</span> <span class='ocrx_word' id='word_1_262' title='bbox 924 3193 1045 3247; x_wconf 89' lang='lat' dir='ltr'>sumus,</span> <span class='ocrx_word' id='word_1_263' title='bbox 1067 3176 1207 3241; x_wconf 87' lang='lat' dir='ltr'>credi-10</span> 
     </span>
     <span class='ocr_line' id='line_1_35' title="bbox 193 3257 1165 3330; baseline -0.003 -13"><span class='ocrx_word' id='word_1_264' title='bbox 193 3275 273 3319; x_wconf 91' lang='lat' dir='ltr'>mus.</span> <span class='ocrx_word' id='word_1_265' title='bbox 302 3261 402 3321; x_wconf 91' lang='lat' dir='ltr'>multis</span> <span class='ocrx_word' id='word_1_266' title='bbox 421 3261 514 3320; x_wconf 89' lang='lat' dir='ltr'>rebus</span> <span class='ocrx_word' id='word_1_267' title='bbox 530 3277 589 3320; x_wconf 93' lang='lat' dir='ltr'>non</span> <span class='ocrx_word' id='word_1_268' title='bbox 607 3277 646 3319; x_wconf 90' lang='lat' dir='ltr'>ex</span> <span class='ocrx_word' id='word_1_269' title='bbox 660 3267 768 3318; x_wconf 88' lang='lat' dir='ltr'>natura</span> <span class='ocrx_word' id='word_1_270' title='bbox 782 3275 854 3330; x_wconf 89' lang='lat' dir='ltr'>sua,</span> <span class='ocrx_word' id='word_1_271' title='bbox 877 3257 934 3317; x_wconf 90' lang='lat' dir='ltr'>sed</span> <span class='ocrx_word' id='word_1_272' title='bbox 948 3273 987 3315; x_wconf 91' lang='lat' dir='ltr'>ex</span> <span class='ocrx_word' id='word_1_273' title='bbox 1001 3257 1165 3315; x_wconf 89' lang='lat' dir='ltr'>humilitate</span> 
     </span>
     <span class='ocr_line' id='line_1_36' title="bbox 193 3337 1164 3419; baseline -0.002 -18"><span class='ocrx_word' id='word_1_274' title='bbox 193 3341 319 3417; x_wconf 88' lang='lat' dir='ltr'>quidem</span> <span class='ocrx_word' id='word_1_275' title='bbox 332 3346 437 3404; x_wconf 88' lang='lat' dir='ltr'>nostra</span> <span class='ocrx_word' id='word_1_276' title='bbox 452 3344 626 3419; x_wconf 86' lang='lat' dir='ltr'>magnitudo</span> <span class='ocrx_word' id='word_1_277' title='bbox 642 3352 698 3401; x_wconf 86' lang='lat' dir='ltr'>est.</span> <span class='ocrx_word' id='word_1_278' title='bbox 721 3342 798 3415; x_wconf 82' lang='lat' dir='ltr'>Quid</span> <span class='ocrx_word' id='word_1_279' title='bbox 814 3343 1011 3416; x_wconf 89' lang='lat' dir='ltr'>praecipuum</span> <span class='ocrx_word' id='word_1_280' title='bbox 1026 3340 1055 3397; x_wconf 93' lang='lat' dir='ltr'>in</span> <span class='ocrx_word' id='word_1_281' title='bbox 1071 3337 1164 3399; x_wconf 92' lang='lat' dir='ltr'>rebus</span> 
     </span>
     <span class='ocr_line' id='line_1_37' title="bbox 191 3420 1164 3499; baseline -0.003 -16"><span class='ocrx_word' id='word_1_282' title='bbox 191 3424 334 3484; x_wconf 89' lang='lat' dir='ltr'>humanis</span> <span class='ocrx_word' id='word_1_283' title='bbox 356 3433 424 3486; x_wconf 73' lang='lat' dir='ltr'>est?</span> <span class='ocrx_word' id='word_1_284' title='bbox 452 3444 511 3487; x_wconf 93' lang='lat' dir='ltr'>non</span> <span class='ocrx_word' id='word_1_285' title='bbox 533 3427 684 3487; x_wconf 89' lang='lat' dir='ltr'>classibus</span> <span class='ocrx_word' id='word_1_286' title='bbox 702 3426 798 3485; x_wconf 89' lang='lat' dir='ltr'>maria</span> <span class='ocrx_word' id='word_1_287' title='bbox 818 3428 982 3499; x_wconf 90' lang='lat' dir='ltr'>conplesse</span> <span class='ocrx_word' id='word_1_288' title='bbox 997 3437 1054 3481; x_wconf 92' lang='lat' dir='ltr'>nec</span> <span class='ocrx_word' id='word_1_289' title='bbox 1069 3420 1098 3479; x_wconf 91' lang='lat' dir='ltr'>in</span> <span class='ocrx_word' id='word_1_290' title='bbox 1114 3438 1164 3480; x_wconf 92' lang='lat' dir='ltr'>ru·</span> 
     </span>
     <span class='ocr_line' id='line_1_38' title="bbox 191 3504 1163 3585; baseline -0.002 -19"><span class='ocrx_word' id='word_1_291' title='bbox 191 3506 240 3566; x_wconf 90' lang='lat' dir='ltr'>bri</span> <span class='ocrx_word' id='word_1_292' title='bbox 258 3507 350 3569; x_wconf 88' lang='lat' dir='ltr'>maris</span> <span class='ocrx_word' id='word_1_293' title='bbox 371 3511 458 3570; x_wconf 90' lang='lat' dir='ltr'>litore</span> <span class='ocrx_word' id='word_1_294' title='bbox 477 3512 565 3585; x_wconf 83' lang='lat' dir='ltr'>signa</span> <span class='ocrx_word' id='word_1_295' title='bbox 584 3508 691 3569; x_wconf 88' lang='lat' dir='ltr'>fixisse</span> <span class='ocrx_word' id='word_1_296' title='bbox 717 3525 773 3568; x_wconf 90' lang='lat' dir='ltr'>nec</span> <span class='ocrx_word' id='word_1_297' title='bbox 798 3509 959 3568; x_wconf 87' lang='lat' dir='ltr'>deficiente</span> <span class='ocrx_word' id='word_1_298' title='bbox 978 3507 1017 3565; x_wconf 90' lang='lat' dir='ltr'>ad</span> <span class='ocrx_word' id='word_1_299' title='bbox 1038 3504 1163 3564; x_wconf 88' lang='lat' dir='ltr'>iniurias</span> 
     </span>
     <span class='ocr_line' id='line_1_39' title="bbox 190 3588 1163 3668; baseline 0 -19"><span class='ocrx_word' id='word_1_300' title='bbox 190 3597 274 3650; x_wconf 90' lang='lat' dir='ltr'>terra</span> <span class='ocrx_word' id='word_1_301' title='bbox 295 3608 416 3653; x_wconf 89' lang='lat' dir='ltr'>errasse</span> <span class='ocrx_word' id='word_1_302' title='bbox 437 3594 465 3651; x_wconf 95' lang='lat' dir='ltr'>in</span> <span class='ocrx_word' id='word_1_303' title='bbox 489 3609 606 3653; x_wconf 84' lang='lat' dir='ltr'>oceano</span> <span class='ocrx_word' id='word_1_304' title='bbox 626 3594 730 3667; x_wconf 78' lang='lat' dir='ltr'>ignota</span> <span class='ocrx_word' id='word_1_305' title='bbox 751 3600 961 3668; x_wconf 87' lang='lat' dir='ltr'>quaerentem,</span> <span class='ocrx_word' id='word_1_306' title='bbox 987 3589 1042 3648; x_wconf 88' lang='lat' dir='ltr'>sed</span> <span class='ocrx_word' id='word_1_307' title='bbox 1063 3588 1163 3648; x_wconf 88' lang='lat' dir='ltr'>animo</span> 
     </span>
     <span class='ocr_line' id='line_1_40' title="bbox 192 3672 1165 3751; baseline 0.001 -19"><span class='ocrx_word' id='word_1_308' title='bbox 192 3674 297 3734; x_wconf 90' lang='lat' dir='ltr'>omnia</span> <span class='ocrx_word' id='word_1_309' title='bbox 310 3676 426 3736; x_wconf 89' lang='lat' dir='ltr'>vidisse</span> <span class='ocrx_word' id='word_1_310' title='bbox 447 3683 491 3749; x_wconf 89' lang='lat' dir='ltr'>et,</span> <span class='ocrx_word' id='word_1_311' title='bbox 512 3694 574 3751; x_wconf 90' lang='lat' dir='ltr'>qua</span> <span class='ocrx_word' id='word_1_312' title='bbox 594 3678 690 3735; x_wconf 89' lang='lat' dir='ltr'>maior</span> <span class='ocrx_word' id='word_1_313' title='bbox 704 3679 786 3735; x_wconf 92' lang='lat' dir='ltr'>nulla</span> <span class='ocrx_word' id='word_1_314' title='bbox 800 3675 926 3736; x_wconf 89' lang='lat' dir='ltr'>victoria</span> <span class='ocrx_word' id='word_1_315' title='bbox 940 3681 1001 3747; x_wconf 88' lang='lat' dir='ltr'>est,</span> <span class='ocrx_word' id='word_1_316' title='bbox 1023 3673 1095 3731; x_wconf 89' lang='lat' dir='ltr'>vitia</span> <span class='ocrx_word' id='word_1_317' title='bbox 1109 3672 1165 3733; x_wconf 58' lang='lat' dir='ltr'>doz</span> 
     </span>
    </p>
   </div>
   <div class='ocr_carea' id='block_1_4' title="bbox 0 0 1476 4384">
    <p class='ocr_par' dir='ltr' id='par_1_4' title="bbox 0 0 1476 4384">
     <span class='ocr_line' id='line_1_41' title="bbox 0 0 1476 4384; baseline 0 0"><span class='ocrx_word' id='word_1_318' title='bbox 0 0 1476 4384; x_wconf 95' lang='lat' dir='ltr'> </span> 
     </span>
    </p>
   </div>
  </div>
 </body>
</html>
