2942 4384
315 448 377 514 136
600 449 634 509 L.
654 445 800 510 ANNAEI
822 446 996 510 SENECAE

303 602 518 663 membrorum
532 602 664 677 turpium
679 608 732 660 aut
745 600 846 660 vilium
861 599 1026 661 ministerio
1041 598 1185 676 veniens,
1207 605 1284 663 exitu

286 687 416 747 bloeda.
452 686 506 745 llla
526 693 573 745 est
595 686 735 758 voluptas
750 692 780 744 et
800 684 920 743 homine
936 691 965 742 et
979 682 1044 743 viro
1061 684 1154 759 digna
1169 702 1230 746 non
1246 682 1283 745 i'n-

315 770 400 844 plere
420 784 533 842 corpus
554 782 610 826 nec
630 768 771 840 saginare
786 782 843 825 nec
857 766 1039 840 cupiditates
1053 767 1192 843 inritare,
1214 773 1284 843 qua-

314 869 381 912 rum
400 850 551 912 tutissima
571 857 618 909 est
639 851 742 923 quies,
763 850 818 908 sed
837 847 1061 922 perturbatione
1077 865 1186 911 carere
1200 859 1231 911 et
1243 867 1286 925 ea,

316 950 407 1009 quam
421 934 576 992 hominum
590 932 668 992 inter
683 948 717 991 se
732 932 892 990 rixantium
907 929 1036 991 ambitus
1052 934 1189 994 concutit
1202 942 1234 994 et
1243 950 1286 1007 ea,

316 1032 395 1093 quae
417 1015 613 1076 intolerabilis
635 1032 674 1074 ex
695 1017 756 1075 alto
777 1015 872 1087 venit,
901 1013 953 1074 ubi
974 1013 1013 1073 de
1034 1015 1082 1074 dis
1104 1016 1207 1075 lamae
1225 1031 1288 1076 ere-

286 1102 304 1156 4
317 1100 411 1158 ditum
426 1105 474 1158 est
487 1099 629 1172 vitiisque
645 1099 713 1159 illos
730 1098 844 1158 nostris
858 1096 1096 1158 aestimavimus.
1131 1100 1220 1159 Hanc
1236 1115 1287 1158 vo·

315 1184 460 1255 luptatem
475 1182 649 1255 aequalem,
671 1180 867 1256 intrepidam,
890 1197 1052 1254 numquam
1068 1197 1230 1242 sensuram
1242 1180 1287 1241 sui

315 1265 448 1324 taedium
464 1264 592 1339 percipit
606 1265 669 1336 hie,
693 1280 784 1338 quem
799 1264 1018 1334 deformamus,
1042 1279 1134 1337 quam
1149 1266 1286 1336 maxime,

314 1355 349 1409 ut
362 1348 403 1406 ita
418 1348 531 1420 dicam,
554 1348 647 1406 divini
662 1347 735 1407 iuris
750 1354 842 1421 atque
855 1346 978 1405 humani
992 1347 1116 1420 peritus.
1140 1346 1189 1407 bie
1201 1362 1287 1421 prae·

317 1429 454 1491 sentibus
475 1430 602 1504 gaudet,
626 1442 665 1489 ex
686 1431 786 1490 loturo
804 1446 865 1488 non
879 1429 1006 1502 pendet=
1030 1430 1102 1487 nibil
1116 1431 1197 1488 enim
1211 1430 1287 1489 firmi

315 1513 422 1585 habet,
439 1514 533 1585 quiin
549 1512 663 1572 incerta
678 1528 851 1586 propensus
866 1519 922 1571 est.
955 1511 1073 1584 Magnis
1087 1513 1192 1588 itaque
1207 1513 1286 1573 curis

317 1602 477 1669 exemptus
493 1603 522 1654 et
537 1595 797 1669 distorquentibus
818 1603 947 1655 mentem
961 1594 1034 1653 nibil
1050 1603 1155 1669 sperat
1168 1603 1222 1654 aut
1238 1611 1286 1654 cu-

288 1690 304 1741 5
316 1678 361 1754 pit
383 1694 441 1736 nee
465 1693 500 1737 se
520 1676 607 1737 mittit
627 1678 655 1735 in
677 1677 801 1736 dubium
823 1693 879 1737 suo
905 1684 1075 1738 contentus.
1117 1679 1181 1737 Nec
1206 1680 1286 1737 illum

316 1761 472 1820 existimes
494 1776 589 1833 parvo
611 1776 682 1820 esse
698 1767 887 1819 contentum:
909 1761 1009 1821 omnia
1023 1760 1104 1819 illius
1120 1768 1206 1835 sunt,
1228 1778 1286 1821 non

316 1842 362 1903 sio
379 1843 633 1917 quemadmodum
646 1845 814 1903 Alexandri
829 1845 956 1904 luerunt.
978 1844 1042 1917 cui,
1057 1859 1245 1918 quamquam
1259 1844 1286 1902 in

315 1928 402 1986 litore
413 1926 495 1986 rubri
506 1927 599 1987 maris
612 1933 736 1987 steterat
743 1953 752 1999 ‚·
766 1930 835 2002 plus
848 1928 961 1999 deerat,
978 1942 1069 2000 quam
1079 1942 1141 2000 qua
1150 1935 1286 1990 venerat

316 2010 396 2069 illius
411 2025 449 2068 ne
464 2026 501 2069 ea
517 2011 639 2086 quidem
654 2018 754 2081 erant,
778 2025 857 2083 quae
872 2010 994 2069 tenebat
1007 2016 1059 2068 aut
1072 2010 1204 2083 vicerat,
1220 2025 1286 2070 cum

314 2092 346 2153 in
368 2109 484 2154 oceano
506 2093 693 2153 Onesicritus
717 2094 902 2168 praemissus
923 2093 1100 2165 explorator
1114 2100 1239 2152 ¹erraret
1260 2100 1288 2151 et

287 2176 396 2245 abella
410 2178 439 2235 in
455 2178 557 2251 ignoto
572 2178 647 2235 mari
664 2184 833 2251 quaereret.
867 2176 933 2236 Non
951 2176 1025 2234 satis
1040 2175 1211 2249 adparebat
1225 2176 1286 2234 ino

316 2276 387 2334 pem
409 2275 494 2333 esse,
518 2261 569 2333 qui
590 2266 676 2318 extra
698 2268 823 2320 naturae
843 2260 987 2317 terminos
1010 2273 1093 2340 arma
1118 2259 1289 2332 proterrere

315 2343 369 2415 qui
384 2358 419 2400 se
434 2342 464 2400 in
479 2341 662 2416 protundum
677 2342 899 2417 inexploratum
914 2349 945 2401 et
958 2342 1128 2400 inmensum
1144 2340 1287 2401 aviditate

315 2438 409 2483 caeca
429 2440 557 2498 prorsus
579 2425 761 2486 inmitteret?
796 2426 873 2499 Quid
894 2426 1031 2496 interest,
1055 2431 1130 2498 quot
1144 2422 1288 2499 eripuerit

314 2523 425 2581 regna,
448 2515 522 2582 quot
544 2509 675 2582 dederit,
699 2517 843 2583 quantum
865 2517 1009 2567 terrarum
1025 2507 1135 2568 tributo
1149 2513 1289 2582 premat?

315 2598 431 2651 tantum
444 2592 486 2650 illi
501 2594 601 2665 deest,
624 2600 771 2667 quantum
785 2591 877 2667 cupit.

288 2682 303 2732 1
377 2674 425 2734 111.
453 2677 515 2735 Neo
534 2676 701 2736 Alexandri
722 2683 835 2735 tantum
855 2675 956 2734 vitium
973 2674 1042 2747 fuit,
1062 2688 1153 2749 quem
1170 2688 1228 2749 per
1241 2672 1286 2732 li·

315 2759 380 2817 beri
391 2760 593 2834 Herculisque
603 2758 732 2833 vestigia
743 2760 814 2818 lelix
828 2758 979 2819 temeritas
991 2758 1060 2832 egit,
1076 2758 1131 2817 sed
1144 2757 1286 2827 omnium,

316 2855 396 2913 quos
418 2842 538 2901 lortuna
557 2842 688 2901 inritavit
707 2840 862 2915 inplendo.
899 2840 1010 2918 Cyrum
1028 2848 1058 2899 et
1072 2839 1244 2917 Cambysen
1259 2845 1289 2897 et

314 2928 410 2981 totum
424 2924 510 2995 regni
520 2923 634 2983 Persici
648 2933 774 2983 stemma
788 2940 950 2998 percense:
974 2939 1063 2998 quem
1075 2924 1225 2995 invenies,
1240 2920 1287 2981 cui

315 3005 439 3064 modum
460 3005 579 3079 imperii
602 3008 725 3066 satietas
742 3008 868 3067 lecerit?
890 3008 1017 3081 quinon
1034 3005 1125 3065 vitam
1140 3005 1170 3065 in
1185 2999 1288 3080 aliqua

314 3089 440 3148 ulterius
464 3089 650 3164 procedendi
673 3091 856 3163 cogitatione
876 3091 1008 3150 finierit?
1042 3103 1099 3148 nec
1124 3089 1156 3147 id
1181 3089 1288 3148 mirum

314 3178 378 3232 este
409 3172 555 3248 quioquid
582 3172 738 3248 cupiditati
763 3172 923 3247 contingit,
953 3174 1073 3247 penitus
1098 3172 1236 3232 hauritur
1260 3178 1290 3231 et

315 3256 470 3329 conditur,
499 3271 556 3316 nec
577 3258 719 3331 interest,
749 3267 893 3332 quantum
914 3272 966 3327 eo,
996 3256 1079 3331 quod
1105 3254 1288 3330 inexplebile

281 3344 298 3397 2
313 3347 374 3412 est,
395 3356 554 3413 congeras.
587 3343 674 3401 Unus
689 3348 737 3401 est
751 3342 890 3414 sapiens,
912 3340 999 3399 errius
1015 3339 1116 3397 omnia
1130 3345 1216 3411 sunt,
1230 3352 1288 3397 nec

313 3437 353 3481 ex
370 3422 484 3481 dillicili
499 3425 622 3483 tuenda.
644 3438 706 3483 non
721 3424 813 3483 habet
827 3422 991 3482 mittendos
1007 3429 1089 3482 trans
1101 3420 1196 3481 maria
1208 3423 1288 3495 lega·

312 3511 361 3564 tos
382 3522 439 3565 nee
459 3506 649 3565 metandam
670 3507 747 3580 ripis
768 3506 929 3566 hostilibus
951 3513 1066 3575 casua,
1096 3520 1159 3564 non
1174 3519 1288 3578 oppor-

312 3586 396 3646 tunis
411 3588 544 3648 castellis
559 3588 754 3662 disponenda
765 3587 927 3664 praesidia.
942 3603 1005 3648 non
1017 3604 1097 3662 opus
1109 3595 1158 3646 est
1169 3587 1291 3661 legione

314 3682 371 3726 nee
394 3671 588 3745 equestribus
613 3671 728 3731 turmis.
772 3671 1034 3745 Quemadmodum
1058 3670 1089 3729 di
1113 3670 1290 3730 inmortales

311 3764 440 3825 regnum
460 3754 592 3815 inermes
611 3758 722 3830 regunt
742 3762 772 3815 et
791 3755 849 3816 illis
870 3769 971 3815 rerum
993 3767 1117 3815 suarum
1143 3767 1183 3813 ex
1208 3753 1290 3813 edito
