2942 4384
389 455 441 515 on
460 431 673 517 nnurrrcns'
695 458 767 518 nra.
782 460 833 519 rv.
855 468 986 523 ao-ra.
1134 459 1175 525 73

193 609 393 669 volitantum
412 622 470 667 nec
491 606 583 667 habet
597 607 687 669 huius
704 610 866 669 voluntatis
882 628 956 671 suae
971 614 1064 671 ullum
1080 613 1171 672 alium

193 709 289 767 quam
309 706 344 750 sc
364 698 481 753 testem.
511 692 604 752 Immo
626 692 756 766 amplius
772 694 915 752 adiciam:
942 704 989 755 est
1006 696 1204 770 aliquandoa

192 781 303 849 gratus
318 774 408 833 etiam
423 774 474 847 qui
492 774 627 847 ingratus
648 776 783 845 videtur,
807 792 897 848 quem
920 780 999 837 maia
1019 779 1171 851 interpres

171 897 174 901 -
193 858 302 932 opinio
330 856 360 915 in
386 858 569 917 contrarium
594 858 725 917 tradidit.
757 858 813 917 Hic
834 860 908 933 quid
929 862 1011 920 atiud
1034 862 1172 935 sequitur

193 955 288 1017 quam
307 940 408 1014 ipsam
430 941 667 999 conscientiam?
695 957 774 1015 quae
795 943 884 1000 etiam
905 945 1013 1002 obruta
1032 944 1169 1015 delectat,

193 1038 277 1100 quae
298 1021 440 1082 concioni
460 1037 496 1080 ac
510 1024 609 1082 famae
622 1024 767 1083 reclamat
786 1026 859 1084 etin
876 1041 911 1084 se
926 1028 1026 1085 omnia
1040 1027 1170 1100 reponit,

192 1115 223 1167 ct
234 1121 306 1165 cum
317 1103 469 1179 ingentem
481 1121 518 1163 ex
531 1107 624 1165 attera
636 1114 721 1179 parte
732 1107 850 1165 turbam
863 1118 968 1169 contra
979 1109 1171 1168 sentientium

193 1188 354 1263 adspexit,
375 1204 437 1246 non
456 1198 592 1249 numerat
613 1188 773 1263 suffragia,
795 1192 851 1249 sed
867 1208 925 1250 una
941 1193 1091 1252 sententia
1106 1194 1170 1272 viu·

193 1272 243 1331 eit.
266 1270 301 1330 Si
315 1285 389 1329 vero
404 1271 514 1330 bonam
529 1273 620 1331 fidem
633 1273 780 1345 perfidiae
796 1275 955 1347 suppliciis
971 1275 1061 1333 adiici
1076 1276 1168 1348 videt,
1184 1292 1201 1345 6

191 1371 256 1414 non
272 1354 465 1414 descendite
482 1355 618 1428 fastigio,
640 1356 696 1414 scd
711 1372 807 1428 supra
822 1371 951 1429 poenam
967 1373 1054 1416 suam
1069 1357 1169 1417 consi·

192 1438 260 1497 stit=
281 1435 424 1512 „habeo,
439 1435 551 1511 inquit,
569 1439 651 1512 quod
666 1437 764 1506 votui,
782 1440 865 1511 quod
882 1440 969 1513 petii=
991 1455 1048 1499 nec
1064 1440 1169 1513 poeni-

192 1527 236 1580 tet
257 1534 316 1579 nec
337 1520 502 1594 poenitebit
524 1536 581 1579 nec
600 1522 661 1579 ulia
676 1520 831 1595 iniquitate
847 1537 894 1581 me
912 1538 949 1581 eo
966 1524 1086 1582 fortuna
1101 1538 1169 1596 pcr-

192 1604 300 1675 ducet,
322 1608 357 1661 ut
376 1602 455 1661 hanc
476 1619 582 1662 vocem
603 1604 741 1662 audiam:
771 1606 843 1678 quid
865 1606 936 1664 mihi
964 1607 1068 1665 voluit
1096 1605 1170 1679 quid

192 1701 275 1745 nunc
290 1684 362 1743 mihi
378 1686 504 1759 prodest
517 1687 598 1746 bona
615 1688 800 1746 voluntast“
821 1689 949 1747 Prodest
963 1698 993 1748 ει
1008 1689 1037 1750 iu
1051 1691 1168 1758 eculeo,

193 1770 323 1843 prodest
342 1775 372 1827 ει
391 1768 422 1826 in
441 1768 520 1841 igne.
551 1770 602 1844 qui
624 1771 649 1829 si
667 1770 795 1851 singuiis
813 1772 956 1830 membris
971 1774 1169 1831 admoveatur

194 1859 223 1911 ει
248 1852 393 1926 paulatim
420 1851 523 1910 vivum
548 1868 661 1928 corpus
687 1853 864 1927 circumeat,
894 1856 965 1913 iicet
989 1856 1090 1928 ipsum
1115 1870 1169 1912 oor

194 1936 319 2008 pienum
340 1933 422 1993 bona
442 1935 629 1996 conscientia
656 1937 762 1997 stillet:
787 1936 920 2011 placebit
934 1937 976 1996 ilii
997 1939 1092 2011 ignis,
1115 1953 1170 2011 per

194 2033 286 2092 quem
303 2017 386 2076 bona
400 2017 477 2075 fides
492 2018 673 2078 conlucebit.

255 2100 349 2158 XXII.
376 2099 462 2159 Nunc
482 2100 556 2159 illud
578 2116 704 2176 quoque
729 2108 938 2174 argumentum
962 2104 1102 2176 quamvis
1124 2102 1195 2171 di-1

195 2189 274 2242 ctum
294 2183 354 2241 iam
373 2183 551 2242 reducatur:
580 2185 654 2258 quid
675 2193 721 2244 est
744 2200 838 2259 quare
853 2186 933 2263 grati
945 2186 1072 2243 velimus
1087 2198 1167 2255 esse,

196 2282 264 2326 cum
284 2265 455 2324 morimur?
476 2283 570 2340 quare
590 2268 790 2341 singulorum
798 2269 1024 2342 perpendamus
1047 2267 1170 2325 oiiicia‘t

194 2364 292 2422 quare
309 2347 341 2406 id
361 2363 487 2421 agamus
506 2350 536 2409 in
557 2366 676 2409 omnem
700 2353 790 2411 vitam
806 2359 941 2410 nostram
957 2351 1101 2409 memoria
1117 2351 1168 2408 de·

193 2436 349 2502 currente,
368 2446 408 2489 ne
428 2432 515 2490 cuius
536 2434 629 2492 officii
644 2433 802 2492 videamur
817 2434 923 2493 obiiti?
951 2433 1098 2492 nihilium
1118 2450 1168 2492 su·

193 2520 315 2587 perest,
339 2530 401 2586 quo
417 2529 490 2588 spes
506 2516 691 2588 porrigatur,
713 2515 743 2574 in
760 2517 809 2575 iilo
826 2524 925 2575 tamen
937 2516 1062 2592 cardine
1078 2516 1169 2589 positi

194 2597 280 2655 abire
294 2597 420 2656 erebus
434 2597 575 2658 humanis
592 2615 683 2671 quam
698 2599 862 2672 gratissimi
877 2601 1028 2657 volumus.
1056 2599 1111 2657 Est
1126 2599 1168 2655 ui·
1184 2611 1201 2663 a

194 2680 305 2738 deiicet
320 2694 430 2753 magna
450 2679 480 2738 in
500 2681 569 2754 ipso
592 2696 687 2754 opere
708 2696 824 2739 merces
845 2681 889 2738 rei
911 2687 940 2738 ει
961 2681 1000 2738 ad
1025 2679 1168 2738 adiicien-

193 2762 249 2821 das
263 2768 383 2821 mentes
398 2763 553 2822 hominum
567 2765 674 2837 ingens
689 2764 809 2823 honesti
826 2764 974 2837 potentia,
1000 2761 1086 2820 cuius
1103 2764 1168 2835 pul·

193 2843 334 2905 chritudo
358 2846 477 2905 animos
505 2846 718 2906 circumfundit
744 2853 774 2905 et
800 2846 941 2906 delinitos
969 2846 1169 2905 admiratione

193 2927 317 2986 luminis
332 2942 368 2986 ac
383 2929 512 3002 iuigoris
526 2930 573 2987 sui
588 2929 675 3003 rapit.
704 2931 746 2988 Αι
760 2931 853 2988 multa
867 2930 926 2989 hoc
938 2929 1098 2988 commoda
1111 2929 1155 2988 ori
1183 2940 1201 2993 3

191 3016 301 3082 untur,
322 3016 352 3068 ει
370 3011 462 3070 tutior
484 3013 564 3089 [est]
581 3014 641 3071 vita
662 3013 838 3071 melioribus
854 3008 1001 3086 amorque
1016 3019 1046 3070 ct
1060 3028 1168 3070 secun-

194 3092 268 3151 dum
289 3092 439 3152 bonorum
461 3094 601 3153 iudicium
624 3103 772 3169 aetasque
794 3096 945 3164 securior,
968 3111 1059 3168 quam
1083 3095 1167 3152 inno·

193 3175 309 3246 centia,
333 3191 424 3249 quam
442 3183 528 3248 grata
550 3192 636 3236 mens
657 3178 860 3252 prosequitur.
890 3176 1001 3235 suisset
1019 3177 1099 3233 enim
1113 3175 1169 3232 ini·

194 3256 344 3332 quissima
366 3273 467 3318 rerum
492 3267 614 3330 natura,
637 3261 663 3319 si
686 3261 744 3320 hoc
764 3267 877 3318 tantum
898 3258 1012 3316 bonum
1027 3257 1169 3315 miserum

192 3347 223 3399 ει
241 3354 360 3413 anceps
383 3348 413 3400 ει
433 3343 535 3401 sterile
563 3343 702 3403 iecisset:
733 3343 790 3401 sed
809 3341 882 3399 iliud
903 3341 1034 3412 intuere,
1063 3355 1102 3396 an
1129 3338 1169 3396 ad

192 3422 284 3482 istam
306 3422 462 3498 virtutem,
485 3441 564 3499 quac
585 3440 680 3498 saepe
700 3430 764 3483 tuto
786 3438 822 3482 ac
842 3423 930 3482 iaoiie
951 3425 1057 3492 aditur,
1080 3420 1170 3479 ctiam

192 3522 250 3581 per
270 3520 347 3565 saxa
368 3514 398 3566 et
417 3522 511 3580 rupes
533 3515 562 3567 et
583 3508 654 3566 ieris
675 3523 711 3566 ac
726 3507 919 3581 serpentibus
935 3508 1097 3565 obsessum
1112 3506 1170 3565 iter

192 3588 289 3649 fueris
304 3590 411 3648 iturus.
445 3590 512 3649 Non
527 3591 597 3650 ideo
618 3606 672 3664 per
687 3606 721 3649 se
736 3606 797 3649 non
814 3597 861 3649 est
875 3588 1095 3663 expetendum,
1120 3587 1201 3647 cuid

193 3671 310 3748 aliquid
336 3678 424 3733 extra
451 3688 575 3747 quoque
602 3674 796 3734 emolumenti
817 3673 976 3733 adhaeret:
1004 3670 1068 3730 iere
1089 3672 1166 3731 enim
