2942 4384
408 415 460 476 DE
479 415 692 477 BENEFICIIS
714 417 848 477 LIB.III.
874 425 972 481 7--9.
1123 417 1164 481 tl

249 567 332 626 VIII.
346 565 454 642 ltaque
465 583 526 628 non
540 565 617 626 haec
633 583 738 641 parurn
751 567 862 627 idonea
876 583 927 626 res
937 568 1005 626 visa
1017 576 1073 642 est,
1086 585 1165 644 quae
1183 584 1196 636 1

186 650 398 710 deduceretur
412 651 453 708 ad
466 651 612 723 iudicem,
627 651 685 710 sed
701 667 788 710 nemo
804 649 875 710 huic
890 652 933 709 rei
949 651 1023 711 salis
1035 653 1164 713 idoneus
1226 689 1230 696 «

187 735 286 794 iudex
299 732 443 793 iuventus
458 742 514 794 est.
536 735 619 807 quod
634 749 695 792 non
708 733 922 806 admiraberiS,
939 734 965 792 si
980 737 1163 808 excusseris,

190 817 266 893 quid
287 816 446 876 habiturus
468 817 559 876 luerit
582 817 768 876 difficultatis
796 817 936 892 quisquIs
962 817 990 875 in
1013 819 1165 878 eiusmodi

189 917 277 960 reum
292 901 419 959 exisset.
456 901 588 959 Donavit
607 899 719 974 aliquis
743 917 882 974 magnam
908 901 1085 975 pecuniam,
1109 903 1195 966 seda

193 982 294 1058 dives,
317 983 375 1043 sed
393 999 452 1043 non
466 999 613 1042 sensurus
635 984 820 1057 inpendium.
857 984 982 1044 donavit
996 985 1089 1057 alius,
1108 987 1166 1045 sed

193 1074 254 1126 toto
270 1067 455 1141 patrimonio
470 1082 626 1126 cessurus.
648 1083 766 1126 summa
782 1068 887 1126 eadem
904 1074 967 1139 est,
982 1068 1163 1127 beneficIum

194 1149 270 1208 idem
286 1166 348 1208 non
364 1157 421 1208 est.
456 1147 636 1208 Etiamnunc
653 1150 755 1208 adice:
784 1150 833 1209 hic
855 1151 1014 1224 pecuniam
1034 1167 1090 1225 pro
1111 1152 1164 1210 ad-

198 1232 272 1292 dicto
288 1232 451 1307 dependit,
475 1234 531 1291 scd
546 1249 614 1292 cum
629 1235 709 1291 illam
725 1233 817 1293 domo
834 1233 1020 1307 protuIIsset.
1047 1235 1096 1294 ille
1111 1235 1164 1294 de·

198 1315 235 1374 dit
247 1317 405 1389 eamdem,
428 1317 484 1374 sed
496 1323 629 1375 mutuam
644 1315 775 1389 sumpsit
789 1323 840 1375 aut
859 1317 978 1390 rogavit
992 1325 1022 1376 et
1039 1333 1074 1374 se
1089 1317 1163 1376 obli-

200 1399 254 1471 gari
281 1398 395 1472 ingenti
421 1400 526 1458 merito
554 1416 667 1472 passus
687 1406 748 1458 est:
778 1400 887 1457 eodem
913 1400 1070 1458 existitnas
1093 1401 1162 1460 loeo

201 1495 262 1540 esse
275 1482 369 1554 illum,
396 1483 448 1556 qui
462 1481 643 1542 beneficium
659 1499 697 1540 ex
712 1482 792 1541 sacili
813 1481 939 1555 largitus
955 1489 1010 1555 est,
1029 1490 1058 1541 et
1072 1483 1163 1555 hunc,
1271 1548 1276 1553 ,

204 1565 245 1637 qui
264 1567 386 1639 accepit
408 1574 440 1625 ut
465 1565 572 1626 daret?
606 1569 756 1639 Tempore
778 1566 928 1640 quaedam
949 1582 1059 1640 magna
1077 1567 1194 1640 finnt,3

203 1661 252 1706 nou
263 1664 398 1708 summa:
423 1648 604 1709 beneficIum
621 1657 669 1709 est
684 1650 797 1710 donata
813 1650 983 1723 possessio,
1002 1648 1087 1709 euius
1105 1652 1163 1709 ler-
1190 1647 1193 1657 '

153 1787 155 1803 ,
205 1730 279 1791 tilitas
295 1733 401 1791 laxare
416 1732 515 1805 possit
529 1748 695 1804 annonam,
715 1733 895 1792 benefiqum
912 1739 959 1791 est
972 1749 1053 1792 unus
1072 1734 1101 1792 in
1120 1734 1134 1792 l
1152 1765 1163 1775 -

153 1849 155 1886 3
206 1828 241 1872 me
252 1815 349 1888 panIs.
378 1815 560 1874 beneficium
576 1824 623 1875 est
635 1816 751 1874 donare
766 1816 918 1890 regiones
938 1832 992 1890 per
1007 1833 1084 1890 quas
1101 1833 1163 1876 ma-

153 1936 156 1969 ,
206 1909 251 1968 gna
263 1897 388 1958 llumina
399 1905 429 1956 et
440 1898 623 1972 navigabilia
634 1900 805 1970 decurrant,
823 1899 1003 1958 beneficium
1018 1908 1065 1960 est
1075 1916 1163 1959 aren-

153 2027 157 2046 ,
207 1977 270 2040 tibus
289 1981 339 2041 siti
364 1990 395 2041 et
416 1982 467 2040 vix
493 1983 631 2056 spIrilum
656 1999 709 2056 per
730 1982 831 2042 siccas
853 1985 957 2041 lauces
982 1982 1163 2042 ducentibus

153 2099 157 2136 ς
206 2072 360 2124 monstrare
375 2065 500 2123 lontem.
537 2066 610 2138 Quis
632 2065 709 2124 inter
729 2081 764 2124 se
785 2065 845 2124 Ista
866 2065 1066 2138 conparabitt
1093 2065 1163 2139 quis

152 2193 158 2215 ,
207 2149 365 2221 expendet?
386 2148 519 2208 difficilis
534 2157 582 2209 est
596 2149 754 2219 sententia,
771 2165 849 2223 quae
864 2165 924 2207 non
938 2163 1016 2219 rem,
1033 2149 1088 2207 sed
1102 2149 1161 2207 vim

153 2265 158 2302 4
207 2229 239 2288 rei
252 2231 378 2304 quaerit.
410 2233 517 2290 eadem
533 2232 603 2292 licet
617 2232 692 2300 sint,
717 2233 803 2291 aliter
820 2233 891 2290 data
912 2248 972 2291 non
992 2231 1071 2290 idem
1087 2248 1161 2306 pen-

152 2349 157 2369 ,
207 2310 272 2374 deut
304 2315 396 2374 Dedit
418 2313 491 2373 mihi
511 2315 559 2373 hic
575 2315 772 2387 benelchum,
795 2316 852 2374 sed
865 2332 925 2375 non
942 2316 1084 2387 libenter,
1105 2317 1194 2375 sedi

153 2437 157 2452 t
206 2393 314 2457 dedisse
328 2413 364 2456 se
380 2405 507 2470 questus
522 2405 586 2471 est,
609 2399 663 2457 sed
688 2399 854 2473 superqus
875 2415 924 2458 me
938 2415 1029 2474 quam
1044 2400 1163 2460 solebat

153 2517 156 2552 f
205 2481 324 2554 aspexit,
340 2481 398 2540 sed
414 2489 474 2539 tam
489 2481 574 2541 tarde
589 2482 686 2554 dedit,
701 2489 735 2541 ut
751 2484 818 2556 plus
837 2490 1046 2556 praestaturus
1063 2483 1161 2555 luerit,

152 2611 156 2618 .
205 2560 224 2619 si
242 2565 300 2626 cito
322 2572 483 2637 negassem
505 2564 612 2623 horum
635 2566 790 2637 quomodo
811 2567 905 2625 iudex
922 2566 1007 2624 inibit
1021 2567 1161 2624 aestima·

152 2680 154 2685 <
203 2644 316 2789 dignm
339 2664 410 2706 cum
426 2663 529 2708 sermo
544 2657 575 2708 et
589 2648 736 2709 dubitatio
759 2655 790 2707 et
803 2650 903 2708 voltus
924 2647 1022 2707 meriti
1035 2649 1160 2722 gratiam

152 2765 154 2770 π
235 2737 372 2792 sbuantt

247 2814 298 2876 DL
311 2813 391 2888 Quid
405 2816 487 2889 quod
500 2817 649 2890 quaedam
661 2816 811 2878 beneficia
821 2824 978 2889 vocantur,
992 2814 1162 2892 unianimis
1179 2823 1192 2875 1

201 2899 463 2974 concupiscuntur,
484 2901 635 2975 quaedam
649 2919 709 2962 non
727 2909 799 2963 sunt
812 2917 850 2960 ex
871 2902 929 2962 hac
944 2901 1061 2975 volgari
1078 2909 1159 2973 nota,

200 2982 243 3042 ted
255 2985 390 3055 maiora,
413 2983 530 3043 etiamsi
546 2985 645 3044 minus
662 2987 831 3061 adparent?
856 2985 1043 3044 Beneficium
1062 3001 1158 3045 vocas
1174 2990 1191 3042 t

199 3061 313 3128 dedisse
339 3067 471 3141 potentis
494 3069 597 3142 populi
617 3069 783 3141 civitatem,
805 3069 835 3128 in
859 3068 1088 3141 quatuordecim
1109 3069 1161 3126 de

199 3145 315 3211 duxIsse
330 3158 363 3210 et
375 3151 553 3211 defendisse
570 3153 677 3226 capitis
692 3169 793 3213 reum=
816 3151 889 3225 quid
903 3153 987 3211 utilia
1002 3150 1162 3210 suasisset
1223 3177 1229 3183 ·

197 3231 257 3306 quic
279 3235 461 3306 retinuisse,
483 3249 522 3292 ne
545 3236 575 3295 in
596 3236 697 3294 scelus
715 3241 838 3295 rueret?
860 3234 933 3305 quid
955 3234 1086 3306 gladium
1108 3247 1160 3290 ex·

197 3317 325 3379 ussisse
336 3317 506 3378 morituro?
521 3319 594 3393 qnid
606 3317 783 3377 efficacibus
795 3316 1159 3394 remediis[relocillesse]

196 3396 340 3475 lugentem
363 3408 394 3460 et
418 3418 496 3474 quos
522 3400 716 3461 desiderabat
734 3401 886 3460 volentem
908 3401 996 3475 sequi
1016 3400 1055 3458 ad
1079 3400 1161 3457 vitae

196 3483 348 3545 consilium
362 3484 548 3545 reduxisset
569 3483 642 3559 quid
662 3483 825 3544 adsedisse
842 3499 935 3559 aegro
956 3493 1000 3555 et,
1021 3498 1089 3542 oum
1107 3497 1159 3544 va·

196 3563 279 3629 itudo
296 3568 367 3628 eius
382 3584 419 3626 ac
435 3571 519 3628 salus
540 3568 700 3627 momentis
720 3575 888 3640 constaret,
911 3565 1074 3640 excepisse
1093 3565 1159 3627 ido·

196 3650 329 3713 lecim
344 3659 486 3727 ternpore
499 3659 530 3714 et
544 3652 689 3713 cadentes
703 3667 800 3714 venas
814 3651 887 3712 vlno
897 3650 1045 3712 refecisse
1057 3658 1086 3713 et
1097 3666 1159 3711 me
