2942 4384
324 433 388 498 noo
612 434 645 493 n.
667 434 814 520 anunm
835 434 1027 496 sunnenn-

322 602 428 646 verum
448 584 614 660 praedixit,
634 584 692 645 sed
711 584 845 645 fulminis
865 584 943 646 ictus
965 585 1067 661 priora
1088 585 1203 650 delevit
1215 595 1247 650 et
1260 591 1301 650 ad

323 686 358 729 se
378 670 470 729 iidem
494 670 602 729 traxit“
625 669 735 729 falsum
756 676 811 729 est.
842 676 961 743 quare?
988 670 1060 743 quia
1073 671 1146 728 nihil
1161 671 1298 746 interest,

322 769 413 828 quam
436 754 529 811 multa
549 751 689 825 auspicia
709 753 783 811 sint:
810 752 903 811 tatum
923 769 1017 812 unum
1037 760 1098 827 est,
1121 756 1208 827 quod
1231 758 1299 816 sive

320 836 419 910 primo
441 835 578 907 auspicio
595 835 778 894 intellectum
793 842 841 894 est
862 835 928 893 sive
943 837 1095 908 secundo,
1117 837 1191 897 nihil
1205 838 1297 899 inter-

290 921 385 981 terit.
418 918 463 976 ita
477 918 562 977 dieo:
585 934 645 977 non
660 919 767 989 refert,
787 934 826 977 an
842 918 925 977 aliud
939 919 992 989 sil,
1008 936 1063 1014 per
1075 921 1159 992 qnod
1172 922 1297 994 quidem

321 1003 510 1076 quaerimus,
530 1002 673 1075 qnoniam
689 1001 728 1060 de
742 1017 800 1060 ave
816 1002 898 1075 quod
915 1002 1089 1075 quaerimus
1104 1002 1186 1062 idem
1202 1006 1295 1065 latum

320 1085 444 1145 fulmine
455 1084 561 1153 mutari
574 1099 634 1144 non
644 1091 699 1159 pot
687 1089 755 1144 t.est
776 1083 902 1188 quidnil
923 1101 994 1145 narn
1005 1085 1135 1144 fulmen
1128 1103 1231 1161 ipsum
1243 1090 1295 1149 lati
1327 1141 1335 1153 ,

320 1184 394 1244 pars
409 1175 464 1227 es

291 1262 307 1313 1
380 1249 500 1310 XXXV.
528 1250 651 1325 „Quid
676 1258 793 1325 ergot
824 1217 1077 1325 expiationes
1106 1269 1293 1326 procura-

318 1334 529 1410 tionesque
552 1352 624 1408 quo
646 1335 859 1409 pertinent,
883 1334 918 1394 si
940 1334 1185 1396 inmutabilia
1205 1347 1295 1399 sunt

319 1419 398 1478 lata
410 1423 449 1475 l“
484 1418 623 1477 Permitte
637 1418 709 1476 mihi
724 1418 805 1476 illam
821 1416 948 1491 rigidam
963 1426 1077 1478 sectam
1088 1420 1164 1478 tueri
1176 1435 1294 1494 eorum,

320 1503 372 1577 qui
393 1502 548 1577 ex'oipiunt
565 1503 623 1560 ista
637 1509 666 1560 et
680 1500 753 1559 nihil
769 1516 839 1561 esse
853 1501 935 1559 aliud
951 1518 1043 1575 quam
1057 1517 1168 1576 aegrae
1182 1504 1293 1565 mentis

290 1584 429 1649 asolatia
448 1585 628 1644 existimant.
665 1583 740 1643 Fata
759 1583 1004 1644 inrevocabiliter
1025 1582 1073 1644 ius
1095 1601 1185 1645 suurn
1206 1603 1292 1661 pera-

319 1677 393 1742 gunt
413 1683 469 1726 neo
488 1668 548 1726 ulla
569 1674 797 1727 commoventur
812 1683 913 1741 prece.
935 1684 997 1727 non
1012 1666 1225 1729 misericordia
1239 1671 1292 1729 fle

319 1755 374 1825 cll,
402 1767 463 1811 non
484 1750 710 1824 gratia-sciunt.
746 1766 868 1809 cursum
890 1751 1125 1811 inrevocabilem
1152 1754 1293 1827 ingressa

318 1841 359 1893 e‘x
376 1829 526 1893 destinato
541 1832 646 1893 fluunt.
673 1835 929 1907 quemadmodum
946 1836 1121 1909 rapidorum
1137 1852 1218 1911 aqua
1231 1843 1293 1896 tor·

317 1918 445 1976 rentium
470 1917 499 1976 in
527 1933 562 1976 se
587 1933 647 1975 non
672 1917 800 1994 recurrit
823 1933 881 1976 nec
902 1925 1037 1976 moratur
1056 1918 1197 1991 quidem,
1221 1922 1294 1993 quia

318 2001 452 2074 priorem
467 2000 688 2075 superveniens
704 1999 898 2074 praecipitat=
920 2001 964 2059 sio
977 2001 1113 2061 ordinem
1126 2002 1292 2063 satirarum

318 2091 443 2143 aeterna
464 2084 560 2144 series
574 2090 667 2158 rotat,
690 2085 777 2143 cuius
792 2083 868 2142 haec
881 2084 979 2159 prIma
992 2086 1043 2143 lex
1057 2092 1119 2144 est:
1140 2094 1224 2145 stare
1239 2087 1293 2145 de·

319 2177 412 2227 creto.

380 2250 514 2309 XXXVI.
537 2250 612 2323 Quid
629 2250 708 2309 enim
725 2250 873 2325 intellegis
889 2242 1008 2309 iatum?
1028 2249 1168 2311 existimo
1184 2267 1292 2312 neees-

318 2333 434 2393 sitatem
450 2349 550 2393 rerum
563 2335 694 2393 omniurn
707 2335 936 2409 actionumque,
954 2350 1045 2407 quam
1058 2336 1140 2392 nulla
1151 2334 1200 2394 vis
1210 2352 1292 2395 rum·

277 2489 283 2496 ἱ
316 2419 378 2490 pat.
406 2416 485 2475 hane
506 2415 533 2476 si
554 2417 712 2475 sacrifieiis
734 2424 785 2476 aut
806 2418 905 2491 capite
925 2415 1033 2476 niveae
1053 2410 1150 2490 agnae
1169 2418 1292 2477 exorari

317 2499 450 2572 iudicaS,
473 2499 574 2559 divina
591 2517 651 2560 non
666 2500 756 2559 nosti.
792 2499 947 2574 Sapientis
961 2515 1084 2594 qnoque
1099 2499 1154 2558 viri
1170 2510 1292 2560 senten-

316 2581 388 2641 tiam
409 2581 527 2657 negatis
549 2599 644 2657 posse
664 2591 728 2644 mut
729 2582 788 2642 ari:
818 2588 932 2657 quanto
948 2584 1044 2657 magis
1059 2583 1151 2641 deit
1156 2599 1225 2642 eum
1238 2601 1291 2643 --sa

317 2667 406 2740 piens
428 2668 501 2742 quid
522 2667 561 2726 sit
582 2668 727 2741 optimum
742 2667 772 2725 in
788 2667 961 2741 praesentia
976 2667 1066 2738 sciat,
1087 2666 1167 2725 illius
1183 2665 1292 2726 divini-

316 2750 369 2809 tati
385 2766 474 2811 omne
490 2766 638 2824 praesens
654 2751 701 2810 sit.

289 2846 305 2897 1
379 2832 526 2892 XXXVII
555 2835 656 2906 Agere
678 2849 759 2892 nune
780 2813 1126 2905 cansameorumvolO,
1150 2832 1203 2906 qui
1220 2849 1290 2907 pro

318 2916 454 2974 curanda
474 2907 647 2975 existimant
668 2915 843 2975 lnlmrna
813 2924 843 2975 e
862 2915 1053 2992 expiationes
1075 2932 1136 2975 non
1154 2914 1292 2976 dubitant

317 2979 469 3072 prodesse
489 2999 653 3073 aliquando
669 3000 708 3057 ad
728 3000 939 3060 submovenda
953 3001 1101 3074 pericula,
1123 2999 1290 3073 aliquando

289 3082 356 3147 aad
372 3081 516 3153 levanda,
539 3082 702 3155 aliquando
720 3083 759 3140 ad
772 3083 951 3145 differenda.
987 3083 1063 3155 Quid
1076 3083 1128 3153 sit,
1145 3083 1231 3155 quod
1243 3099 1290 3142 se-

318 3173 457 3240 quantur,
480 3166 572 3239 panlo
588 3173 659 3240 post
674 3168 857 3240 persequar:
879 3166 995 3226 interim
1011 3166 1069 3230 boe
1084 3165 1289 3225 habentcom-

316 3264 407 3309 mune
419 3248 593 3322 nobiscum,
613 3250 697 3322 quod
708 3265 766 3308 nos
780 3263 904 3323 quoque
915 3248 1123 3308 existimamus
1134 3257 1208 3308 vota
1219 3265 1290 3322 pro·

316 3333 408 3391 ficere
421 3334 506 3391 salva
520 3333 548 3390 vi
560 3349 595 3391 ac
607 3340 757 3406 potestate
767 3334 906 3391 latorum.
937 3331 1197 3403 Quemadmodum
1209 3332 1290 3390 enim

316 3431 335 3474 a
352 3416 399 3474 dis
413 3415 621 3475 inmortalibus
636 3416 677 3474 ita
691 3415 844 3489 snspensa
857 3414 961 3473 relicta
977 3421 1061 3488 sunt,
1083 3422 1117 3473 ut
1129 3415 1159 3473 in
1174 3415 1290 3474 bonum

314 3505 446 3572 vertant,
470 3499 495 3557 si
512 3498 651 3557 admotae
666 3499 713 3556 dis
729 3514 838 3573 preces
853 3497 976 3571 luerint,
1001 3497 1027 3555 si
1041 3504 1113 3556 vota
1128 3502 1289 3572 susceptas

316 3581 358 3639 ila
379 3596 438 3641 non
461 3588 507 3641 est
528 3580 586 3639 hoc
608 3587 713 3640 contra
735 3582 843 3653 iatum,
866 3580 893 3639 si
913 3579 1014 3653 ipsum
1036 3597 1161 3654 qnoque
1177 3582 1289 3640 in-iato

286 3670 371 3724 test.
407 3666 489 3738 „Ant
509 3666 655 3736 futurum,
677 3664 787 3739 inquit,
810 3671 857 3724 est
876 3670 1018 3723 autnon:
1040 3664 1066 3722 si
1082 3664 1215 3723 futurum
1232 3670 1287 3735 est,
