2942 4384
381 474 433 533 DE
453 470 666 533 Bannatclts
687 470 761 530 LIB.
776 472 828 530 tv.
849 479 981 535 tlt-29.
1130 469 1169 535 tl

194 628 258 689 Sed
280 624 335 685 illa
353 623 443 683 bonis
459 630 658 698 paraverunt=
680 622 858 697 contingunt
872 623 960 683 etiam
975 624 1077 697 malis,
1100 623 1172 698 quia

194 708 335 784 separari
356 724 417 766 non
438 714 577 782 possunt.
608 706 709 767 Satius
733 714 780 765 est
799 713 899 765 aulem
916 707 1066 780 prodesse
1081 709 1171 766 etiam

194 792 285 853 malis
308 797 435 867 propter
453 790 552 851 bonos
574 807 665 864 quam
685 791 774 851 bonis
791 791 903 849 deesse
918 799 1044 864 propter
1064 792 1171 849 malos.

195 877 238 937 lta
258 890 341 949 quae
361 874 458 933 reiers
479 874 574 945 diem,
599 876 710 946 solem,
732 873 840 932 hiemis
856 875 1046 947 aestatisque
1062 889 1172 933 cursus

195 968 225 1021 et
238 959 343 1018 media
357 957 439 1016 veris
455 957 650 1029 autumnique
666 963 917 1030 temperamenta,
936 956 1047 1016 imbres
1063 964 1092 1015 et
1108 958 1171 1015 lon·

195 1043 270 1103 tium
285 1040 430 1113 haustus,
448 1046 607 1099 ventorum
627 1047 723 1099 statos
739 1038 831 1098 flatus
847 1056 902 1113 pro
921 1039 1073 1099 universis
1088 1042 1173 1098 inve·

196 1130 321 1190 nerunt:
344 1138 511 1196 excerpere
525 1123 663 1196 singulos
680 1139 741 1182 nen
758 1131 928 1197 potuerunt.
958 1126 1024 1183 Rex
1040 1125 1205 1187 honoresa

198 1208 299 1283 dignis
315 1207 382 1277 dat,
398 1207 584 1279 congiarium
601 1213 631 1264 et
644 1205 794 1280 indignis:
823 1207 1004 1266 trumentum
1020 1208 1174 1280 publicum

199 1299 257 1351 tam
278 1291 329 1350 fur
351 1305 443 1363 quarn
465 1290 605 1361 periurus
626 1298 654 1350 et
674 1290 792 1349 adulter
814 1291 965 1363 accipiunt
985 1298 1015 1348 et
1035 1291 1102 1349 sine
1122 1290 1175 1347 dc-

147 1383 150 1410 ²
199 1375 281 1433 lectu
305 1388 423 1432 mamm
450 1371 590 1446 quisquis
617 1372 733 1432 incisus
759 1379 816 1431 est.
851 1372 996 1446 quicquid
1015 1374 1097 1430 aliud
1118 1377 1174 1443 est,

147 1487 159 1518 e
200 1456 285 1532 quod
298 1463 453 1528 tamquam
470 1454 544 1527 civi,
559 1472 620 1514 non
635 1463 788 1529 tamquam
803 1455 885 1515 bono
901 1456 1002 1528 datur,
1020 1471 1059 1513 ex
1075 1469 1174 1527 aequo

147 1543 153 1594 ³.
198 1540 271 1600 boni
287 1553 325 1598 ac
341 1539 412 1608 mali
432 1540 539 1597 ierunt.
563 1540 646 1598 Deus
663 1554 787 1612 quoque
803 1539 954 1613 quaedam
971 1553 1096 1597 munera
1109 1538 1206 1596 uni-3

147 1633 152 1692 ζ
199 1639 291 1683 verso
313 1621 447 1680 humano
468 1623 572 1695 generi
593 1623 692 1694 dedit,
716 1638 734 1680 a
756 1622 867 1696 quibus
890 1622 1061 1681 excluditur
1076 1637 1175 1680 nemo.

200 1722 256 1766 nec
281 1704 363 1765 enim
388 1711 509 1779 poterat
533 1706 599 1765 fieri
624 1712 658 1764 ut
683 1712 793 1765 ventus
813 1705 902 1765 bonis
926 1705 998 1763 viris
1020 1705 1175 1764 secundus

201 1795 299 1862 esset,
314 1789 486 1848 contrarius
501 1787 603 1847 malis:
626 1804 786 1848 commune
801 1796 900 1848 autem
915 1789 1027 1848 bonum
1043 1796 1108 1847 erat
1123 1805 1176 1863 pa-

147 1877 163 1930 i
200 1880 264 1933 tcrc
283 1872 501 1932 commercium
521 1872 613 1929 maris
634 1878 664 1930 et
684 1887 811 1945 regnum
826 1871 949 1930 humani
963 1873 1084 1945 generis
1098 1872 1176 1931 rela-

200 1954 276 2014 xari.
314 1968 372 2013 nec
388 1961 506 2029 poterat
525 1955 574 2012 lex
589 1954 707 2015 casuris
723 1953 869 2013 imbribus
886 1954 959 2024 dici,
980 1971 1018 2013 ne
1038 1956 1067 2012 in
1082 1955 1175 2012 malo-

156 2091 164 2110 ,.
200 2055 268 2099 rum
281 2037 551 2111 improborumque
566 2053 636 2099 rura
651 2036 828 2096 delluercnt.
858 2035 1012 2108 Quaedam
1030 2038 1059 2094 in
1077 2036 1210 2104 medion

153 2127 161 2148 ³
201 2127 374 2196 ponunture
395 2128 457 2180 tarn
476 2119 566 2178 bonis
584 2136 675 2193 quam
690 2120 777 2179 malis
792 2121 964 2179 conduntur
981 2120 1083 2177 urbes.
1112 2135 1177 2177 mo-

202 2210 349 2266 numenta
368 2202 559 2277 ingeniorum
582 2211 611 2262 et
632 2204 669 2262 od
686 2202 828 2277 indignos
845 2209 1027 2276 perventura
1042 2202 1178 2276 publiea·

149 2293 152 2298 '
200 2289 243 2348 vit
256 2286 363 2346 editio.
385 2286 535 2345 medicina
546 2287 635 2345 eliam
653 2287 810 2346 sceleratis
826 2302 914 2361 opem
930 2291 1086 2346 monstrat.
1105 2301 1178 2344 con-

147 2375 163 2440 -'{
203 2368 377 2446 positiones
398 2369 602 2429 remediorum
625 2372 802 2429 salutarium
823 2384 912 2429 nemo
928 2370 1116 2443 subpressa,
1140 2382 1179 2426 ne

147 2489 149 2493 ·
203 2459 387 2514 sanarentur
400 2451 526 2525 indigni.
547 2454 580 2512 In
597 2452 644 2512 liis
660 2449 749 2526 exige
760 2468 922 2515 censuram
936 2460 965 2512 el
979 2467 1179 2527 personarum
1194 2463 1211 2516 5

203 2535 462 2608 aestimationem,
485 2552 564 2609 qnae
586 2537 751 2610 separatim
771 2545 925 2610 tamquam
946 2536 1039 2609 digno
1061 2536 1179 2605 dantur,

152 2635 158 2666 ι·
202 2636 265 2680 non
287 2619 321 2678 in
340 2618 405 2690 his,
424 2634 503 2692 quae
525 2618 697 2693 promiscue
718 2619 835 2677 turbam
856 2619 1023 2678 admittunt.
1056 2619 1181 2675 multum

147 2683 157 2758 l
203 2703 286 2762 enim
300 2701 409 2775 relert,
431 2709 529 2761 utrum
551 2702 682 2775 aliquem
697 2717 758 2760 non
773 2700 921 2759 excludas
937 2716 975 2758 an
991 2699 1096 2772 eligas,
1129 2698 1180 2756 Ius

147 2769 153 2828 ἶ
203 2793 235 2846 et
249 2784 310 2844 iuri
324 2784 442 2847 dicitur.
465 2799 541 2858 pace
559 2786 647 2843 etiam
665 2783 836 2843 homicidae
852 2785 1001 2842 fruuntur.
1022 2798 1078 2841 sua
1092 2789 1180 2855 repe-

147 2833 152 2888 Ι
204 2874 274 2929 tunt
295 2868 385 2926 etiam
410 2868 462 2941 qui
484 2868 584 2928 aliena
602 2875 777 2942 rapuerunt.
816 2881 1018 2941 percussores
1044 2872 1075 2924 et
1099 2864 1182 2925 domi

147 2969 151 3050 p
204 2952 324 3016 ferrum
339 2958 517 3010 exercentes
533 2967 637 3010 murus
650 2950 688 3009 nb
703 2951 792 3011 hoste
808 2951 953 3009 defendit.
978 2952 1078 3024 legum
1095 2963 1181 3023 prae-

147 3055 149 3120 :
205 3034 305 3106 sidio,
331 3032 384 3107 qai
406 3033 566 3108 plurimum
588 3033 617 3091 in
639 3033 707 3093 illas
730 3040 952 3108 peecaverunt,
975 3039 1182 3107 proteguntur.

147 3163 149 3174 .
206 3116 365 3191 Quaedam
379 3132 441 3175 non
458 3122 596 3191 poterant
610 3117 719 3176 ceteris
735 3118 927 3190 contingere,
951 3117 1009 3174 ulsi
1029 3114 1182 3173 universis
1197 3128 1214 3181 6

206 3201 371 3260 darentur:
388 3216 450 3259 non
466 3207 513 3259 est
526 3202 629 3274 itaque
646 3200 730 3274 quod
746 3202 784 3259 de
798 3199 865 3258 istis
878 3200 1030 3271 disputes,
1049 3197 1088 3253 ad
1104 3210 1183 3269 quae

206 3282 334 3358 publice
357 3283 472 3343 invitati
493 3299 608 3343 sumus.
648 3284 721 3341 illud
744 3282 827 3357 quod
848 3280 960 3339 iudicio
978 3294 1046 3338 meo
1069 3278 1109 3336 ad
1129 3277 1183 3337 ali-

208 3382 304 3441 quem
332 3367 492 3439 pervenire
522 3364 663 3440 debebit,
697 3365 745 3438 ei,
783 3379 873 3439 quem
901 3363 1052 3438 ingratum
1080 3362 1182 3434 seiam,

207 3465 271 3510 non
293 3447 386 3508 dabo.

270 3532 378 3592 XXlX.
401 3532 517 3606 ,‚Ergo,
533 3529 644 3606 inquit,
659 3547 716 3591 neo
731 3529 891 3590 consilium
903 3529 1082 3589 deliberanti
1097 3527 1184 3587 dabis
1199 3536 1215 3589 1

210 3617 333 3690 ingrato
355 3630 412 3675 nec
432 3631 542 3690 nquam
563 3614 685 3675 haurire
702 3615 880 3689 permittes?
907 3629 964 3672 nec
980 3614 1058 3673 viam
1074 3611 1185 3671 erranti

212 3699 399 3760 monstrabis
422 3698 560 3774 ingratos
585 3715 624 3759 an
649 3699 724 3759 haee
752 3698 874 3773 quidem
901 3697 1010 3771 iacies,
1035 3697 1090 3757 sed
1112 3696 1184 3756 nihil
