2942 4384
273 474 316 537 84
492 502 500 518 ··
563 473 597 532 L.
619 471 765 532 ANNAEI
786 470 961 532 SENECAE

273 626 404 701 quisset,
431 639 510 699 quae
532 622 690 697 naufragio
711 629 849 697 ceperat,
876 638 937 683 non
960 621 1104 684 omnibus
1124 623 1245 685 miseris

272 726 353 785 aqua
368 716 398 768 et
414 708 474 782 igni
489 709 705 767 interdixerat?
736 706 839 766 Potius
855 713 921 779 est,
944 707 1056 781 inquit,
1075 708 1155 768 intra
1169 709 1245 768 fines

270 794 356 867 regni
381 793 488 851 meite
510 792 611 849 literas
634 791 709 849 istas
731 790 828 850 oculis
851 787 1063 850 inscribendas
1080 791 1245 851 durissima

271 879 368 937 lronte
386 874 588 934 circumferre.
620 874 766 945 ostende,
788 888 879 947 quarn
899 888 989 932 sacra
1009 889 1059 934 res
1079 874 1118 932 sit
1139 891 1246 934 mensa

269 959 441 1033 hospitalis.
473 956 586 1030 praebe
599 956 628 1014 in
648 956 724 1015 lacie
743 963 793 1015 tua
807 955 969 1029 legendum
984 957 1064 1016 istuc
1075 957 1243 1031 decretum,

271 1060 332 1117 quo
354 1048 492 1113 cavetur,
516 1056 554 1098 ne
573 1038 701 1099 miseros
725 1046 804 1099 teoto
819 1039 924 1099 iuvare
939 1041 1048 1113 capital
1063 1040 1111 1099 sit
1146 1040 1245 1116 Magis

270 1127 329 1184 ista
354 1124 527 1185 constitutio
555 1124 599 1183 sic
625 1123 682 1184 erit
702 1130 783 1198 rata,
811 1138 902 1197 quam
923 1122 950 1183 si
971 1123 1052 1183 illam
1071 1124 1101 1183 in
1124 1139 1181 1184 aes
1200 1125 1243 1183 in·

269 1209 423 1268 cidissem.

238 1303 253 1353 1
330 1292 462 1351 XXXIX.
482 1292 602 1367 „erare
614 1306 697 1365 ergo,
721 1289 827 1365 inquit,
842 1290 1050 1364 Zeno-vester,
1068 1306 1138 1350 cum
1156 1291 1242 1366 quin·

269 1384 378 1450 gentos
394 1375 536 1437 denarios
552 1375 673 1433 cuidam
688 1374 881 1449 promisisset
895 1383 1016 1434 mutuos
1031 1381 1061 1434 et
1076 1375 1145 1449 ipse
1161 1376 1243 1434 illum

270 1475 377 1533 parum
398 1458 542 1518 idoneum
563 1459 770 1533 conperisset,
792 1457 896 1516 amicis
915 1458 1115 1517 suadentibus
1134 1472 1174 1516 ne
1189 1458 1242 1517 da-

236 1549 331 1615 trel,
359 1542 569 1617 perseveravit
590 1541 729 1613 credere,
760 1541 831 1615 quia
852 1542 1077 1615 promiseratt“
1108 1539 1243 1600 Primum

269 1626 328 1683 alia
346 1624 486 1683 condicio
509 1624 605 1683 estin
627 1624 759 1695 credito,
780 1625 839 1683 alia
852 1624 882 1681 in
898 1624 1063 1683 beneficio:
1091 1622 1242 1697 pecuniae

268 1709 357 1766 etiam
381 1708 459 1766 male
483 1706 614 1765 creditae
637 1707 755 1769 exactio
771 1715 832 1778 est,
850 1713 880 1765 et
902 1707 1057 1781 adpellare
1073 1706 1242 1766 debitorem

268 1789 309 1847 ad
324 1789 402 1846 diem
421 1805 563 1862 possum,
586 1795 629 1862 et,
655 1788 682 1847 si
697 1791 764 1850 loro
780 1789 921 1861 cesserit,
946 1788 1116 1864 portionem
1136 1791 1239 1849 leram.

267 1871 449 1930 beneficium
471 1880 500 1931 et
519 1878 614 1931 totum
635 1873 714 1947 perit
735 1880 765 1932 et
780 1872 889 1931 statim.
921 1872 1081 1932 Praeterea
1096 1871 1158 1931 hoc
1172 1871 1240 1931 muli

267 1953 325 2013 viri
340 1961 401 2029 est,
425 1956 499 2015 illud
521 1956 590 2014 mali
611 1956 705 2029 patris
721 1954 860 2016 lamiliae.
893 1956 1009 2016 Deinde
1023 1970 1061 2013 ne
1075 1953 1160 2015 Zeno
1176 1955 1239 2030 qui·

268 2038 352 2110 dem,
379 2037 406 2097 si
431 2040 526 2099 maior
550 2039 658 2098 luisset
686 2055 822 2112 summa,
848 2039 973 2097 credere
996 2046 1238 2112 perseverasset

268 2123 424 2198 quingenti
440 2121 555 2181 denarii
571 2130 654 2194 sunt,
677 2123 752 2182 illud
767 2122 851 2196 quod
865 2122 926 2181 dici
941 2122 1033 2193 solet,
1057 2121 1112 2194 „in
1133 2121 1237 2181 morbo

234 2214 252 2267 3
268 2211 457 2265 consumat.“
472 2205 527 2265 luit
541 2207 613 2265 tanti
628 2222 689 2265 non
706 2220 854 2264 revocare
869 2206 1053 2280 promissum
1068 2220 1170 2263 suum.
1191 2203 1237 2262 Ad

268 2302 409 2360 coenem,
427 2288 498 2361 quia
515 2287 655 2362 promIsi,
671 2289 738 2362 ibo,
751 2288 869 2347 etiarnsi
885 2285 981 2361 frigus
997 2286 1067 2347 erit:
1094 2304 1156 2348 non
1175 2286 1236 2360 qui·

268 2370 352 2443 dena,
374 2370 400 2428 si
421 2372 506 2429 nives
529 2371 648 2430 cadent.
681 2370 810 2445 Surgam
832 2372 870 2431 ud
886 2370 1057 2444 sponsalia,
1080 2371 1153 2444 quia
1169 2386 1235 2444 pro-

268 2453 351 2525 misi,
367 2454 505 2527 quamvls
518 2470 577 2513 non
589 2455 799 2514 concoxerim:
822 2456 966 2526 sednon,
979 2453 1005 2513 si
1018 2452 1235 2513 lebrieitavero.

269 2535 422 2611 Sponsum
443 2538 643 2611 descendam,
666 2538 739 2611 quia
760 2536 905 2611 promisi=
933 2536 1070 2597 sednon
1092 2537 1119 2595 si
1147 2553 1236 2611 spon·

236 2620 340 2679 idere
365 2635 413 2679 me
437 2621 582 2681 incertum
603 2619 737 2694 iubebis,
764 2622 791 2681 si
817 2622 893 2680 fisco
920 2618 1079 2693 obligabis.
1116 2618 1235 2690 Subest,

267 2703 405 2779 inquam,
421 2704 511 2764 tacita
524 2704 679 2779 exceptio,
696 2706 723 2765 si
737 2712 861 2780 potero,
877 2704 903 2764 si
917 2703 1051 2775 debebo,
1067 2702 1095 2762 si
1105 2700 1183 2761 haec
1198 2703 1237 2761 ita

267 2794 363 2845 erunt.
395 2788 484 2846 effice
500 2794 533 2846 ut
546 2788 627 2846 idem
638 2795 736 2847 status
749 2788 803 2861 sit,
826 2804 887 2862 quo
903 2787 1015 2860 exigis,
1031 2786 1084 2859 qui
1099 2786 1156 2844 luit
1170 2801 1236 2845 cum

269 2869 488 2941 promitterema
521 2869 685 2927 destituere
710 2870 818 2931 levitas
843 2871 907 2931 erit.
948 2868 981 2928 Si
1006 2867 1121 2941 aliquid
1148 2868 1236 2928 inter·

268 2951 350 3008 uenit
365 2951 450 3020 novi,
472 2952 544 3025 quid
560 2951 694 3026 miraris,
717 2968 785 3012 cum
802 2953 941 3013 condicio
957 2950 1159 3025 promittentis
1174 2967 1235 3010 mu·

266 3039 327 3092 tata
354 3034 407 3107 sit,
433 3041 578 3095 mutatum
603 3050 675 3094 esse
700 3037 880 3096 consilium?
906 3035 1011 3094 eadem
1037 3032 1107 3092 mibi
1137 3032 1238 3093 omnia

266 3124 389 3191 praesta
409 3124 439 3175 et
456 3118 536 3177 idem
556 3134 634 3177 sum.
666 3119 879 3179 Vadimonium
901 3116 1116 3192 promittimus,
1138 3124 1237 3176 tamen

267 3200 425 3260 deseritur.
448 3217 508 3262 non
524 3201 552 3261 in
570 3217 676 3262 ornnes
692 3203 779 3264 datur
793 3202 886 3262 actiae
908 3204 1097 3261 deserentem
1112 3200 1161 3260 vis
1175 3215 1235 3258 ma-

266 3284 464 3343 iorexcusnt.

235 3379 249 3429 1
325 3366 385 3425 XL.
409 3367 511 3425 ldem
531 3368 643 3428 etiam
664 3367 734 3428 illa
753 3368 984 3442 quaestione
1005 3381 1236 3441 responsum

266 3449 464 3521 existima,
490 3466 534 3508 en
561 3452 658 3510 omni
684 3452 794 3512 modo
814 3451 1025 3510 reserenda
1045 3450 1236 3523 sitgratIa

266 3541 364 3592 etan
385 3532 622 3592 beneficium
644 3537 781 3609 utique
807 3534 1044 3593 reddendum
1071 3534 1131 3593 sit.
1163 3531 1235 3590 Ani·

266 3630 345 3672 mum
363 3623 518 3688 praestare
533 3623 650 3689 gratum
666 3617 779 3691 debeo,
797 3623 930 3675 ceterum
945 3616 1110 3691 aliquando
1125 3630 1174 3674 me
1189 3629 1234 3673 re

266 3697 344 3757 lerre
359 3699 484 3772 gratiam
499 3715 558 3759 non
573 3700 684 3774 patitur
695 3716 764 3760 mea
774 3699 950 3774 infelicitas,
965 3699 1130 3775 aliquando
1143 3697 1235 3758 letici-
