2942 4384
265 456 328 519 302
463 520 468 529 ⁴
554 454 587 515 L.
607 455 753 515 ANNAEI
774 454 949 515 SENECAE

262 615 374 668 turum:
402 604 520 666 illorum
540 603 668 679 rapidus
688 619 725 663 uc
745 602 898 665 violentus
913 613 944 666 et
957 605 1035 680 ipsis
1051 609 1150 669 ventis
1167 610 1238 669 cita·

265 690 323 752 tior
348 697 409 761 est,
436 693 620 749 cometarum
645 688 722 746 lenis
748 695 778 747 et
802 689 854 762 qui
879 706 935 763 per
955 691 1033 749 diem
1056 701 1240 767 noctemque

265 781 412 847 quantum
432 772 584 832 transierit
609 772 780 831 abscondit.
818 773 935 831 Deinde
959 773 1112 834 turbinum
1136 784 1238 835 motus

265 873 362 930 vagus
383 862 429 915 est
449 863 479 915 et
498 856 644 913 disiectus
665 862 708 925 et,
732 863 765 913 ut
785 853 908 913 Salustii
930 863 997 915 utar
1011 858 1128 932 verbis,
1154 876 1237 918 ver·

264 941 430 1010 tieosuS,
460 947 643 997 cometarum
670 946 771 997 autem
796 940 975 1012 conpositus
1000 945 1031 998 et
1055 941 1239 1001 destinatum

235 1023 253 1077 3
265 1024 319 1083 iter
331 1038 471 1096 carpens.
493 1021 568 1080 Num
579 1023 791 1095 quisnostrum
804 1023 965 1082 accederet
976 1024 1077 1081 lunam
1090 1033 1141 1084 aut
1151 1027 1237 1099 quin-

265 1121 325 1181 que
346 1106 447 1164 sidera
466 1103 534 1177 rapi
554 1111 645 1164 vento
667 1111 718 1162 aut
737 1105 854 1163 turbine
869 1107 981 1164 rotarit
1009 1123 1087 1181 non,
1106 1116 1140 1167 ut
1155 1118 1238 1181 puto.

265 1195 382 1263 quare?
408 1188 479 1261 quia
495 1205 555 1247 non
571 1196 617 1247 εει
631 1188 689 1247 illis
706 1187 900 1259 perturbatus
915 1197 945 1248 et
958 1190 1101 1261 inpotens
1118 1207 1238 1252 cursus

265 1272 303 1329 ad
325 1278 459 1330 cometas
478 1271 557 1329 idem
573 1272 808 1331 transieramus:
837 1288 897 1330 non
914 1274 1043 1332 contuse
1057 1289 1115 1333 uec
1129 1278 1237 1335 tumul·

265 1364 353 1413 tuose
374 1361 460 1426 eunt,
481 1361 514 1412 ut
532 1355 643 1428 aliquis
666 1355 771 1413 credat
791 1354 860 1413 illos
882 1355 985 1414 causis
1004 1357 1187 1417 turbulentis
1209 1368 1238 1418 et

236 1438 505 1497 linconstautibus
522 1437 601 1510 pelli.
636 1438 753 1496 Deinde
767 1438 885 1496 etiamsi
897 1440 1026 1498 vertices
1042 1441 1091 1498 isti
1108 1456 1236 1514 conpre-

265 1522 398 1580 hendere
417 1529 537 1579 terrena
557 1520 742 1593 humidaque
759 1528 788 1578 ει
804 1536 842 1578 ex
861 1521 964 1581 humili
980 1524 1009 1580 in
1027 1522 1121 1581 altum
1136 1524 1237 1597 expri-

265 1621 348 1664 mere
378 1610 520 1678 possent,
549 1620 610 1662 non
640 1610 740 1661 tamen
772 1620 866 1677 supra
898 1606 997 1663 lunam
1022 1604 1236 1679 efferrentfflrt.

265 1688 363 1748 omnis
383 1688 557 1761 illisosque
577 1687 606 1744 iu
629 1687 763 1744 nubilum
781 1687 827 1746 vis
844 1695 904 1746 est:
927 1695 1061 1747 cometas
1077 1696 1178 1747 autem
1194 1691 1235 1748 iu-

264 1772 376 1830 mixtos
395 1772 489 1830 stellis
508 1770 645 1827 videmus
663 1784 717 1843 per
731 1771 891 1842 superiora
904 1772 1052 1831 labentes.
1088 1772 1171 1845 Ergo
1188 1790 1236 1831 ve-

264 1852 388 1912 risimile
408 1869 466 1911 non
482 1862 529 1913 est
545 1853 572 1911 iu
589 1861 703 1911 tantum
719 1855 849 1927 spatium
864 1870 1062 1927 perseverare
1078 1857 1235 1929 turbinem,

266 1937 317 2011 qui
333 1953 393 2010 quo
409 1936 505 1995 maior
519 1945 581 2008 est,
604 1936 749 1995 maturius
765 1939 976 2011 corrumpitur.

237 2035 248 2084 t
324 2021 373 2080 IX.
402 2021 582 2081 Utrumlibet
601 2021 703 2093 itaque
724 2020 828 2093 eligat:
856 2029 907 2080 aut
923 2019 999 2082 levis
1014 2022 1061 2080 vis
1076 2024 1107 2081 in
1121 2029 1234 2080 tantum

264 2104 423 2177 pervenire
443 2120 503 2162 non
522 2104 644 2177 poterit,
667 2111 717 2162 aut
731 2119 840 2176 magna
855 2112 884 2164 et
899 2104 1048 2164 concitata
1063 2104 1153 2163 citius
1169 2105 1236 2177 ipsa

264 2203 298 2245 se
314 2188 439 2259 franget.
474 2186 633 2245 Praeterea
649 2186 824 2244 humiliores
843 2188 883 2246 illi
900 2194 1037 2247 cometae
1053 2188 1092 2245 ob
1108 2188 1182 2258 hoc,
1205 2195 1235 2245 ut

265 2277 381 2344 putant,
406 2287 466 2328 non
489 2277 601 2327 exeunt
621 2269 727 2341 altius,
750 2272 820 2344 quia
841 2272 909 2344 plus
932 2272 1043 2329 terreni
1057 2271 1172 2329 hubent
1185 2275 1234 2342 [etl

263 2353 395 2426 gravitas
410 2352 479 2411 illos
493 2368 549 2410 sua
564 2353 594 2409 in
610 2353 749 2425 proximo
765 2361 860 2412 tenet:
883 2352 967 2427 atqui
981 2368 1111 2413 necesse
1126 2362 1174 2411 est
1188 2353 1235 2411 his

263 2436 390 2497 cometis
411 2434 664 2507 diuturnioribnS,
694 2435 875 2495 celsioribus
902 2438 1020 2510 plenior
1040 2438 1165 2495 materia
1187 2437 1234 2496 sit.

262 2519 456 2592 nequeenim
472 2518 584 2577 diutius
599 2519 796 2592 adponerent,
820 2519 879 2578 nisi
893 2522 1057 2580 maioribus
1073 2520 1234 2578 nutrimen-

235 2602 301 2663 2tis
316 2603 545 2662 sustinerentur.
581 2602 724 2661 Dicebam
741 2603 831 2662 modo
847 2620 907 2662 non
921 2619 1015 2676 posse
1028 2604 1170 2661 verticem
1184 2603 1235 2660 diu

265 2700 440 2757 permanere
456 2701 512 2744 nec
527 2701 622 2758 supra
637 2685 736 2744 lunam
751 2694 803 2744 aut
815 2703 913 2760 usque
926 2687 955 2743 in
968 2687 1122 2745 stellarum
1135 2688 1234 2744 locum

263 2783 411 2828 creseere.
442 2784 551 2842 nempe
566 2768 658 2826 elficit
673 2769 821 2828 turbinem
839 2769 968 2842 plurium
985 2776 1143 2829 ventorum
1159 2770 1236 2827 inter

262 2852 349 2923 ipsos
363 2852 502 2920 luctatio=
526 2852 600 2909 haec
615 2852 664 2910 diu
681 2869 740 2910 non
758 2859 859 2925 potest
873 2867 953 2911 esse.
976 2869 1046 2910 nam
1058 2868 1126 2910 cum
1140 2867 1235 2924 vagus

263 2940 293 2990 et
316 2934 448 3002 incertus
470 2933 596 3007 spiritus
620 2936 811 2994 conluctatus
837 2943 898 3008 est,
924 2935 1092 2995 novissime
1114 2935 1166 2993 uui
1187 2936 1253 2993 viss

233 3014 394 3075 3omnium
416 3016 505 3073 cedit.
523 3094 524 3097 Ἴ
542 3016 631 3075 Nulla
649 3024 749 3075 autem
769 3026 935 3092 tempestas
950 3035 1060 3092 magua
1076 3019 1234 3091 perdurata

239 3163 240 3166 Ἴ
263 3100 415 3171 procellae
435 3108 546 3173 quanto
570 3100 638 3173 plus
660 3098 771 3161 hubent
791 3102 913 3174 virium,
937 3109 1018 3161 tanto
1039 3102 1140 3160 minus
1160 3108 1233 3159 tem-

263 3182 356 3258 poris.
379 3183 459 3241 venti
474 3199 543 3242 cum
557 3183 596 3241 ad
608 3199 758 3245 summum
772 3192 932 3257 venerunt,
952 3186 1143 3243 remittuntur
1153 3182 1235 3243 ouini

261 3266 428 3341 violentia:¹
442 3282 572 3326 necesse
587 3275 633 3331 est
646 3268 927 3340 ipsaooncit‘rtione
943 3267 971 3326 in
984 3268 1096 3326 exitum
1110 3266 1158 3327 sui
1173 3274 1234 3325 ton-

262 3349 343 3410 dant.
371 3365 460 3408 nemo
482 3350 587 3424 itaque.
604 3350 753 3410 turbinem
769 3357 831 3410 toto
848 3352 896 3409 die
912 3350 999 3423 vidit,
1023 3366 1061 3409 ne
1077 3350 1154 3409 hora
1170 3351 1234 3423 qni-

262 3430 346 3491 dem:
367 3432 442 3492 mira
458 3433 603 3492 velocitas
620 3433 685 3492 eius
701 3439 732 3493 et
749 3434 824 3492 mira
839 3434 972 3494 brevitas
985 3441 1040 3493 est.
1073 3432 1236 3491 Praeterea

262 3515 427 3575 violentius.
444 3516 634 3588 celeriusque
655 3507 736 3575 birca
755 3524 867 3576 terram
887 3523 917 3575 et
931 3518 967 3576 ¹iu
981 3506 1071 3575 'terra
1087 3517 1234 3575 volvitur:

263 3615 324 3671 quo
345 3599 464 3670 celsior,
487 3614 524 3657 eo
546 3598 673 3661 solutior
694 3599 854 3674 laxiorque
874 3606 921 3668 est¹
940 3606 970 3658 ct
990 3601 1029 3659 ob
1047 3599 1106 3658 troc
1124 3598 1234 3657 diffun-

231 3679 349 3769 4ditur.
390 3681 488 3759 Adice
508 3696 602 3753 nunc,
630 3682 856 3756 quodetiamsi
880 3682 909 3752 in
936 3698 1086 3743 summum
1114 3690 1235 3756 perten-
