2942 4384
320 455 382 520 166
609 456 642 515 L.
663 455 811 516 ΑΝΝΑΕΙ
833 455 1013 519 SENECAE

321 612 362 670 ait
384 616 488 685 pocla,
512 614 566 683 [ul]
582 625 618 667 an
635 608 799 669 dissimiles
815 610 935 669 celares
953 608 1027 681 sint,
1050 609 1130 670 scire
1143 624 1206 671 nan
1224 625 1296 686 pas-

321 694 379 764 siS,
398 692 456 753 nisi
468 708 536 753 cum
549 691 654 767 primis
666 700 801 752 extrema
813 694 987 753 contuleris.
1009 709 1080 753 nam
1093 694 1296 772 commissura

321 778 447 852 decipil=
470 792 570 850 usque
586 791 622 836 eo
633 777 709 835 mira
721 784 785 835 arle
797 784 922 836 naturae
935 777 1019 851 quad
1031 794 1049 835 a
1060 778 1213 838 simillima
1226 793 1295 837 cae

320 863 377 937 pil,
401 862 431 919 in
455 858 656 919 dissimillima
678 860 798 918 desinit.
827 860 901 935 quid
923 876 997 935 crgo
1013 860 1082 921 istic
1096 861 1158 921 dua
1174 861 1296 921 coleres

320 946 433 1004 laciunl
454 943 531 1003 lucis
553 949 645 1016 alque
670 943 812 1016 umbrae,
841 960 909 1003 cum
934 942 1198 1004 innumerabilium
1219 945 1294 1005 ralia

292 1027 478 1095 51·eddenda
497 1027 556 1085 sill
591 1025 718 1099 Quidam
740 1026 780 1086 ita
801 1027 974 1087 existimant
990 1043 1092 1086 arcum
1108 1027 1191 1088 lieri:
1214 1028 1296 1088 inea

322 1118 420 1185 paria,
441 1109 470 1168 in
488 1126 547 1183 qua
562 1109 620 1168 iarn
636 1109 725 1184 pluil,
750 1110 871 1184 singula
885 1110 1037 1170 stillicidia
1052 1112 1173 1185 pluviae
1184 1113 1294 1171 caden-

320 1196 359 1254 lis
381 1194 500 1267 singula
517 1209 587 1253 esse
602 1196 744 1268 specula,
767 1194 926 1268 asingulis
943 1210 1016 1269 ergo
1032 1195 1119 1254 reddi
1134 1195 1295 1269 imaginem

321 1279 406 1339 salis.
441 1278 551 1336 deinde
575 1279 684 1337 multas
706 1276 871 1351 imagines,
897 1278 987 1337 imma
1009 1278 1246 1339 innumerabiles
1267 1286 1297 1338 el

322 1362 457 1421 devexas
473 1362 545 1422 elin
565 1376 713 1435 praeceps
728 1368 835 1421 euntes
851 1361 1007 1421 conlundi,
1029 1362 1132 1436 itaque
1147 1370 1178 1422 cl
1191 1378 1295 1422 arcum

293 1454 392 1506 desse
408 1447 567 1506 multarum
582 1444 745 1518 imaginum
760 1444 836 1505 salis
851 1444 1060 1505 confusiones.
1096 1446 1164 1506 Hoc
1175 1446 1222 1505 sic
1235 1447 1295 1504 cal-

321 1531 430 1603 ligunl:
454 1531 573 1602 pelves,
597 1528 752 1602 inquiunt,
774 1529 855 1587 mille
871 1529 1041 1588 disserena
1055 1537 1295 1603 poncetonmes

321 1610 476 1671 habebunt
495 1613 642 1684 imagines
665 1612 750 1670 salis.
783 1612 812 1670 in
833 1612 961 1686 singulis
982 1613 1062 1672 loliis
1083 1612 1218 1688 dispone
1235 1613 1292 1672 sia·

321 1698 408 1767 gulas
428 1703 543 1767 gullas=
565 1694 703 1767 singulae
718 1694 873 1754 habebunt
887 1695 1047 1770 imaginem
1063 1697 1151 1756 salis.¹
1177 1704 1210 1757 al
1225 1712 1294 1756 can·

320 1786 366 1837 ira
387 1778 494 1850 ingens
515 1786 654 1851 stagnum
669 1794 729 1838 nen
746 1778 876 1853 amplius
890 1779 1014 1839 habebit
1028 1796 1117 1853 quam
1134 1780 1294 1855 imaginem

321 1877 421 1921 unam.
452 1868 568 1936 quare?
596 1861 668 1935 quia
688 1863 787 1922 carnis
802 1862 1031 1937 circumscripta
1051 1864 1178 1923 laevitas
1195 1872 1227 1924 el
1241 1865 1295 1923 cir·

322 1945 463 2004 cumdala
482 1945 547 2005 suis
567 1945 679 2004 linibus
700 1947 859 2019 speculum
881 1954 938 2007 est.
968 1948 1071 2021 ilaque
1089 1946 1239 2020 piscinam
1253 1948 1295 2005 in·

321 2029 419 2101 geniis
442 2027 658 2103 magnitudinis
679 2029 798 2088 divide:
826 2030 951 2088 tolidem
972 2031 1022 2089 illa
1041 2028 1134 2088 habel
1147 2029 1294 2104 imagines

321 2113 410 2185 solis,
428 2119 503 2186 qual
515 2115 599 2171 lacus
611 2112 759 2171 habuerit.
781 2112 920 2187 relinque
931 2113 1011 2172 illam
1023 2113 1101 2172 sicul
1113 2113 1294 2173 esldill'usa:

322 2196 415 2253 semel
436 2195 488 2254 libi
509 2195 669 2269 imaginem
690 2196 807 2255 reddet.
841 2196 919 2254 Nilril
941 2199 1033 2257 referi
1052 2211 1144 2270 quam
1166 2196 1294 2272 exiguus

321 2280 361 2343 sii
383 2278 491 2337 humor
510 2285 562 2337 aul
583 2280 677 2338 lacus.
707 2278 732 2337 si
749 2279 965 2339 determinatus
981 2289 1042 2353 cst,
1066 2280 1226 2353 speculam
1241 2288 1293 2339 esl

321 2376 395 2433 ergo
411 2361 563 2421 stillicidia
578 2362 628 2420 illa
643 2360 775 2435 inlinila,
792 2378 871 2437 quac
885 2364 981 2423 imber
993 2362 1107 2422 cadens
1121 2364 1236 2437 deleri,
1253 2370 1293 2423 la-

293 2444 297 2449 '
322 2445 413 2503 iidem
429 2445 554 2518 specula
570 2453 655 2517 sual,
678 2445 801 2505 tolidem
815 2446 890 2505 salis
902 2446 997 2506 iacies
1009 2446 1131 2505 habent.
1153 2446 1213 2507 hae
1225 2463 1293 2507 can·

321 2536 367 2587 tra
390 2528 514 2588 inluenli
537 2529 729 2602 perturbalae
750 2530 899 2603 adparent
919 2545 974 2589 nec
991 2530 1193 2603 dispiciuntur
1208 2531 1292 2590 inler-

320 2614 415 2682 valla,
433 2612 543 2687 quibus
556 2612 692 2686 singulae
704 2614 831 2685 distant,
849 2614 950 2687 spatie
964 2613 1141 2687 prohibente
1153 2613 1292 2673 discerni.

321 2695 439 2755 Deinde
461 2713 515 2771 pra
537 2697 665 2771 singulis
687 2697 815 2771 adparet
829 2713 890 2755 una
904 2696 1000 2756 iacies
1014 2696 1133 2756 lurbala
1146 2712 1187 2755 ex
1202 2696 1292 2757 omni·

293 2779 386 2840 ibus.
430 2781 610 2839 Arislolelcs
633 2780 713 2839 idem
735 2780 864 2839 iudicata
892 2781 952 2853 „ab
974 2781 1069 2851 amni,
1098 2779 1211 2853 inquil,
1237 2782 1293 2839 lae

321 2859 414 2919 vilaic
430 2864 512 2921 acics
529 2864 632 2921 radios
645 2878 720 2922 suas
732 2862 868 2937 replicat.
891 2863 963 2922 nillil
976 2871 1074 2922 aulem
1086 2864 1206 2923 laevius
1216 2878 1294 2937 aqua

322 2949 351 3002 ei
374 2947 454 3002 abre.
487 2960 560 3018 ergo
581 2946 670 3008 eliam
691 2946 729 3004 ab
752 2950 823 3005 abre
844 2947 949 3020 spissa
967 2946 1053 3005 visus
1072 2952 1178 3005 nasler
1193 2945 1223 3005 in
1239 2961 1293 3004 nas

320 3026 408 3086 redii.
448 3027 502 3087 Ubi
520 3045 592 3088 vera
609 3029 692 3088 acies
707 3029 803 3087 hebes
815 3038 845 3089 el
859 3030 977 3089 infirma
992 3035 1053 3101 est,
1069 3030 1207 3103 qualibet
1218 3030 1294 3088 aeris

321 3110 383 3171 iclu
399 3110 528 3170 deficiet.
558 3112 681 3187 quidam
698 3112 758 3172 hac
773 3128 885 3185 genere
901 3113 1074 3173 valitudinis
1089 3113 1244 3183 laborant,
1266 3117 1296 3171 ul

321 3192 381 3269 ipsi
403 3194 461 3253 sibi
477 3195 636 3256 videantur
656 3211 833 3268 occurrere,
856 3204 889 3257 ul
905 3197 1020 3270 ubique
1034 3196 1195 3270 imaginem
1210 3210 1294 3255 snam

322 3286 456 3337 cernant.
487 3282 603 3353 quare?
635 3280 705 3354 quia
726 3278 843 3339 inlirma
864 3280 911 3339 vis
931 3282 1089 3339 oculorum
1113 3295 1173 3338 non
1196 3284 1296 3353 polest

323 3377 521 3436 perrumpere
537 3379 575 3421 ne
590 3363 647 3421 sibi
663 3362 786 3437 quidem
801 3362 972 3435 proximum
983 3366 1069 3436 adra,
1084 3362 1141 3423 sed
1153 3362 1295 3423 resislil.“

293 3446 428 3519 dllaque
445 3445 526 3518 qnod
542 3446 571 3502 in
589 3445 656 3504 aliis
671 3446 765 3505 ellicil
778 3446 895 3505 densus
910 3460 977 3518 aer,
1000 3444 1030 3506 in
1046 3446 1094 3507 his
1106 3444 1295 3505 lacilanmis.

323 3530 397 3588 salis
418 3528 497 3586 enim
520 3528 599 3587 valet
619 3530 851 3603 qualiscumque
871 3529 912 3588 ad
932 3528 1103 3590 inbecillam
1128 3528 1295 3589 aciem-re·

324 3612 505 3683 pellendam.
539 3612 629 3685 longe
650 3620 749 3671 aulem
770 3613 868 3686 magis
888 3612 988 3672 visum
1013 3621 1151 3673 nastrum
1176 3610 1297 3671 remillil

323 3708 417 3770 aqua,
433 3695 505 3769 quia
520 3697 653 3756 crassior
667 3703 715 3756 esi
727 3701 758 3756 el
768 3695 904 3773 pervinci
915 3711 977 3756 non
991 3703 1107 3773 palesl,
1123 3695 1182 3759 scd
1192 3692 1297 3755 radias
