<?xml version="1.0" encoding="UTF-8"?>
<!DOCTYPE html PUBLIC "-//W3C//DTD XHTML 1.0 Transitional//EN"
    "http://www.w3.org/TR/xhtml1/DTD/xhtml1-transitional.dtd">
<html xmlns="http://www.w3.org/1999/xhtml" xml:lang="en" lang="en">
 <head>
  <title>
</title>
<meta http-equiv="Content-Type" content="text/html;charset=utf-8" />
  <meta name='ocr-system' content='tesseract 3.04.00' />
  <meta name='ocr-capabilities' content='ocr_page ocr_carea ocr_par ocr_line ocrx_word'/>
</head>
<body>
  <div class='ocr_page' id='page_1' title='image "./lannaeisenecaeo07senegoog_0025.png"; bbox 0 0 2942 4384; ppageno 0'>
   <div class='ocr_carea' id='block_1_1' title="bbox 386 450 1157 535">
    <p class='ocr_par' dir='ltr' id='par_1_1' title="bbox 386 450 1157 535">
     <span class='ocr_line' id='line_1_1' title="bbox 386 450 1157 535; baseline 0.008 -24"><span class='ocrx_word' id='word_1_1' title='bbox 386 452 439 535; x_wconf 76' lang='lat' dir='ltr'>DE</span> <span class='ocrx_word' id='word_1_2' title='bbox 459 450 672 513; x_wconf 84' lang='lat' dir='ltr'>BENEFICIIS</span> <span class='ocrx_word' id='word_1_3' title='bbox 693 450 766 511; x_wconf 87' lang='lat' dir='ltr'><strong>LIB.</strong></span> <span class='ocrx_word' id='word_1_4' title='bbox 778 453 801 512; x_wconf 91' lang='lat' dir='ltr'>l.</span> <span class='ocrx_word' id='word_1_5' title='bbox 824 460 957 515; x_wconf 79' lang='lat'>12-15.</span> <span class='ocrx_word' id='word_1_6' title='bbox 1117 453 1157 517; x_wconf 84' lang='lat'>13</span> 
     </span>
    </p>
   </div>
   <div class='ocr_carea' id='block_1_2' title="bbox 198 602 1187 3752">
    <p class='ocr_par' dir='ltr' id='par_1_2' title="bbox 199 602 1158 750">
     <span class='ocr_line' id='line_1_2' title="bbox 199 602 1158 683; baseline 0 -18"><span class='ocrx_word' id='word_1_7' title='bbox 199 606 310 680; x_wconf 79' lang='lat' dir='ltr'>:issima</span> <span class='ocrx_word' id='word_1_8' title='bbox 329 612 460 680; x_wconf 87' lang='lat' dir='ltr'>tantum,</span> <span class='ocrx_word' id='word_1_9' title='bbox 481 606 537 666; x_wconf 88' lang='lat' dir='ltr'>sed</span> <span class='ocrx_word' id='word_1_10' title='bbox 557 605 754 683; x_wconf 71' lang='lat' dir='ltr'>ignavissima¹</span> <span class='ocrx_word' id='word_1_11' title='bbox 768 619 893 680; x_wconf 89' lang='lat' dir='ltr'>quoque</span> <span class='ocrx_word' id='word_1_12' title='bbox 907 602 1047 664; x_wconf 88' lang='lat' dir='ltr'>animalia</span> <span class='ocrx_word' id='word_1_13' title='bbox 1060 605 1158 665; x_wconf 90' lang='lat' dir='ltr'>timeri</span> 
     </span>
     <span class='ocr_line' id='line_1_3' title="bbox 199 691 462 750; baseline -0.011 -1"><span class='ocrx_word' id='word_1_14' title='bbox 199 691 229 750; x_wconf 73' lang='lat' dir='ltr'>ab</span> <span class='ocrx_word' id='word_1_15' title='bbox 243 692 325 749; x_wconf 91' lang='lat' dir='ltr'>virus</span> <span class='ocrx_word' id='word_1_16' title='bbox 341 692 462 749; x_wconf 89' lang='lat' dir='ltr'>malum.</span> 
     </span>
    </p>

    <p class='ocr_par' dir='ltr' id='par_1_3' title="bbox 198 771 1187 2921">
     <span class='ocr_line' id='line_1_4' title="bbox 247 771 1185 847; baseline 0.001 -16"><span class='ocrx_word' id='word_1_17' title='bbox 247 774 326 832; x_wconf 86' lang='lat' dir='ltr'>XIV.</span> <span class='ocrx_word' id='word_1_18' title='bbox 355 774 403 831; x_wconf 84' lang='lat' dir='ltr'>Ad</span> <span class='ocrx_word' id='word_1_19' title='bbox 428 772 617 847; x_wconf 88' lang='lat' dir='ltr'>propositum</span> <span class='ocrx_word' id='word_1_20' title='bbox 638 786 719 831; x_wconf 89' lang='lat' dir='ltr'>nune</span> <span class='ocrx_word' id='word_1_21' title='bbox 739 778 936 831; x_wconf 89' lang='lat' dir='ltr'>revertamur.</span> <span class='ocrx_word' id='word_1_22' title='bbox 971 771 1185 832; x_wconf 86' lang='lat' dir='ltr'>Beneficiuml</span> 
     </span>
     <span class='ocr_line' id='line_1_5' title="bbox 199 854 1158 931; baseline 0 -16"><span class='ocrx_word' id='word_1_23' title='bbox 199 857 239 931; x_wconf 71' lang='lat' dir='ltr'>qui</span> <span class='ocrx_word' id='word_1_24' title='bbox 253 856 364 930; x_wconf 89' lang='lat' dir='ltr'>quibus</span> <span class='ocrx_word' id='word_1_25' title='bbox 379 856 466 928; x_wconf 90' lang='lat' dir='ltr'>libet,</span> <span class='ocrx_word' id='word_1_26' title='bbox 487 857 538 915; x_wconf 90' lang='lat' dir='ltr'>dat</span> <span class='ocrx_word' id='word_1_27' title='bbox 549 856 621 913; x_wconf 93' lang='lat' dir='ltr'>nulli</span> <span class='ocrx_word' id='word_1_28' title='bbox 633 862 766 928; x_wconf 82' lang='lat' dir='ltr'>gratum:</span> <span class='ocrx_word' id='word_1_29' title='bbox 788 870 877 914; x_wconf 92' lang='lat' dir='ltr'>nemo</span> <span class='ocrx_word' id='word_1_30' title='bbox 890 870 925 913; x_wconf 92' lang='lat' dir='ltr'>se</span> <span class='ocrx_word' id='word_1_31' title='bbox 937 854 1094 914; x_wconf 89' lang='lat' dir='ltr'>stabularii</span> <span class='ocrx_word' id='word_1_32' title='bbox 1106 863 1158 915; x_wconf 91' lang='lat' dir='ltr'>aut</span> 
     </span>
     <span class='ocr_line' id='line_1_6' title="bbox 199 938 1155 1015; baseline -0.001 -18"><span class='ocrx_word' id='word_1_33' title='bbox 199 940 334 1013; x_wconf 75' lang='lat' dir='ltr'>tauponis</span> <span class='ocrx_word' id='word_1_34' title='bbox 357 939 510 1012; x_wconf 90' lang='lat' dir='ltr'>hospitem</span> <span class='ocrx_word' id='word_1_35' title='bbox 532 938 644 1015; x_wconf 83' lang='lat' dir='ltr'>iudicat</span> <span class='ocrx_word' id='word_1_36' title='bbox 660 953 717 995; x_wconf 88' lang='lat' dir='ltr'>nec</span> <span class='ocrx_word' id='word_1_37' title='bbox 733 939 893 996; x_wconf 83' lang='lat' dir='ltr'>convivam</span> <span class='ocrx_word' id='word_1_38' title='bbox 908 938 1008 997; x_wconf 90' lang='lat' dir='ltr'>dantis</span> <span class='ocrx_word' id='word_1_39' title='bbox 1024 939 1155 1011; x_wconf 89' lang='lat' dir='ltr'>epulum,</span> 
     </span>
     <span class='ocr_line' id='line_1_7' title="bbox 199 1021 1156 1096; baseline 0.001 -17"><span class='ocrx_word' id='word_1_40' title='bbox 199 1022 236 1081; x_wconf 88' lang='lat' dir='ltr'>rbi</span> <span class='ocrx_word' id='word_1_41' title='bbox 257 1024 317 1080; x_wconf 85' lang='lat' dir='ltr'>diei</span> <span class='ocrx_word' id='word_1_42' title='bbox 338 1029 455 1096; x_wconf 84' lang='lat' dir='ltr'>potest:</span> <span class='ocrx_word' id='word_1_43' title='bbox 482 1021 577 1095; x_wconf 92' lang='lat' dir='ltr'>„quid</span> <span class='ocrx_word' id='word_1_44' title='bbox 596 1021 719 1080; x_wconf 90' lang='lat' dir='ltr'>enimin</span> <span class='ocrx_word' id='word_1_45' title='bbox 736 1036 784 1078; x_wconf 91' lang='lat' dir='ltr'>me</span> <span class='ocrx_word' id='word_1_46' title='bbox 800 1022 944 1080; x_wconf 70' lang='lat' dir='ltr'>eontulit?</span> <span class='ocrx_word' id='word_1_47' title='bbox 971 1037 1081 1094; x_wconf 80' lang='lat' dir='ltr'><strong>nempe</strong></span> <span class='ocrx_word' id='word_1_48' title='bbox 1097 1021 1156 1081; x_wconf 89' lang='lat' dir='ltr'>hoe</span> 
     </span>
     <span class='ocr_line' id='line_1_8' title="bbox 199 1103 1156 1179; baseline -0.002 -15"><span class='ocrx_word' id='word_1_49' title='bbox 199 1106 270 1179; x_wconf 77' lang='lat' dir='ltr'>quod</span> <span class='ocrx_word' id='word_1_50' title='bbox 292 1113 322 1164; x_wconf 86' lang='lat' dir='ltr'>et</span> <span class='ocrx_word' id='word_1_51' title='bbox 341 1106 369 1163; x_wconf 95' lang='lat' dir='ltr'>in</span> <span class='ocrx_word' id='word_1_52' title='bbox 391 1106 473 1164; x_wconf 86' lang='lat' dir='ltr'>illurn</span> <span class='ocrx_word' id='word_1_53' title='bbox 494 1103 546 1162; x_wconf 85' lang='lat' dir='ltr'>vix</span> <span class='ocrx_word' id='word_1_54' title='bbox 565 1103 645 1163; x_wconf 87' lang='lat' dir='ltr'>bene</span> <span class='ocrx_word' id='word_1_55' title='bbox 667 1110 772 1163; x_wconf 90' lang='lat' dir='ltr'>notum</span> <span class='ocrx_word' id='word_1_56' title='bbox 792 1104 849 1162; x_wconf 89' lang='lat' dir='ltr'>sibi</span> <span class='ocrx_word' id='word_1_57' title='bbox 872 1111 902 1163; x_wconf 92' lang='lat' dir='ltr'>et</span> <span class='ocrx_word' id='word_1_58' title='bbox 921 1106 950 1162; x_wconf 93' lang='lat' dir='ltr'>in</span> <span class='ocrx_word' id='word_1_59' title='bbox 967 1103 1049 1163; x_wconf 89' lang='lat' dir='ltr'>illum</span> <span class='ocrx_word' id='word_1_60' title='bbox 1067 1104 1156 1164; x_wconf 91' lang='lat' dir='ltr'>etiam</span> 
     </span>
     <span class='ocr_line' id='line_1_9' title="bbox 201 1186 1155 1261; baseline 0.001 -16"><span class='ocrx_word' id='word_1_61' title='bbox 201 1188 337 1247; x_wconf 87' lang='lat' dir='ltr'>nimieum</span> <span class='ocrx_word' id='word_1_62' title='bbox 361 1204 397 1246; x_wconf 89' lang='lat' dir='ltr'>ae</span> <span class='ocrx_word' id='word_1_63' title='bbox 417 1186 625 1261; x_wconf 88' lang='lat' dir='ltr'>turpissimum</span> <span class='ocrx_word' id='word_1_64' title='bbox 644 1187 806 1246; x_wconf 89' lang='lat' dir='ltr'>hominem.</span> <span class='ocrx_word' id='word_1_65' title='bbox 838 1188 985 1260; x_wconf 91' lang='lat' dir='ltr'>numquid</span> <span class='ocrx_word' id='word_1_66' title='bbox 1007 1188 1085 1245; x_wconf 91' lang='lat' dir='ltr'>enim</span> <span class='ocrx_word' id='word_1_67' title='bbox 1108 1204 1155 1246; x_wconf 91' lang='lat' dir='ltr'>me</span> 
     </span>
     <span class='ocr_line' id='line_1_10' title="bbox 199 1270 1157 1345; baseline 0.002 -16"><span class='ocrx_word' id='word_1_68' title='bbox 199 1270 310 1345; x_wconf 83' lang='lat' dir='ltr'>lignum</span> <span class='ocrx_word' id='word_1_69' title='bbox 322 1271 486 1330; x_wconf 75' lang='lat' dir='ltr'>iudicarim</span> <span class='ocrx_word' id='word_1_70' title='bbox 507 1270 614 1328; x_wconf 88' lang='lat' dir='ltr'>morbo</span> <span class='ocrx_word' id='word_1_71' title='bbox 627 1286 683 1330; x_wconf 88' lang='lat' dir='ltr'>suo</span> <span class='ocrx_word' id='word_1_72' title='bbox 695 1285 811 1328; x_wconf 87' lang='lat' dir='ltr'>morem</span> <span class='ocrx_word' id='word_1_73' title='bbox 822 1271 949 1343; x_wconf 88' lang='lat' dir='ltr'>gessit.“</span> <span class='ocrx_word' id='word_1_74' title='bbox 971 1270 1058 1342; x_wconf 85' lang='lat' dir='ltr'>Quod</span> <span class='ocrx_word' id='word_1_75' title='bbox 1071 1273 1157 1331; x_wconf 87' lang='lat' dir='ltr'>voles</span> 
     </span>
     <span class='ocr_line' id='line_1_11' title="bbox 199 1352 1156 1427; baseline -0.001 -14"><span class='ocrx_word' id='word_1_76' title='bbox 199 1362 304 1427; x_wconf 78' lang='lat' dir='ltr'>,natum</span> <span class='ocrx_word' id='word_1_77' title='bbox 325 1369 411 1426; x_wconf 90' lang='lat' dir='ltr'>esse,</span> <span class='ocrx_word' id='word_1_78' title='bbox 439 1369 541 1412; x_wconf 90' lang='lat' dir='ltr'>rarum</span> <span class='ocrx_word' id='word_1_79' title='bbox 564 1353 667 1425; x_wconf 82' lang='lat' dir='ltr'>allice,</span> <span class='ocrx_word' id='word_1_80' title='bbox 691 1354 772 1427; x_wconf 81' lang='lat' dir='ltr'>qaod</span> <span class='ocrx_word' id='word_1_81' title='bbox 786 1353 854 1427; x_wconf 89' lang='lat' dir='ltr'>quis</span> <span class='ocrx_word' id='word_1_82' title='bbox 869 1352 981 1427; x_wconf 89' lang='lat' dir='ltr'>patitur</span> <span class='ocrx_word' id='word_1_83' title='bbox 996 1352 1054 1411; x_wconf 88' lang='lat' dir='ltr'>sibi</span> <span class='ocrx_word' id='word_1_84' title='bbox 1069 1354 1156 1427; x_wconf 91' lang='lat' dir='ltr'>inpu-</span> 
     </span>
     <span class='ocr_line' id='line_1_12' title="bbox 199 1436 1186 1511; baseline -0.003 -17"><span class='ocrx_word' id='word_1_85' title='bbox 199 1437 251 1495; x_wconf 86' lang='lat' dir='ltr'>ari.</span> <span class='ocrx_word' id='word_1_86' title='bbox 288 1436 382 1495; x_wconf 92' lang='lat' dir='ltr'>Nemo</span> <span class='ocrx_word' id='word_1_87' title='bbox 407 1436 549 1495; x_wconf 74' lang='lat' dir='ltr'>haee&#39;ita</span> <span class='ocrx_word' id='word_1_88' title='bbox 572 1436 803 1510; x_wconf 72' lang='lat' dir='ltr'>interpretetur,</span> <span class='ocrx_word' id='word_1_89' title='bbox 835 1443 990 1509; x_wconf 88' lang='lat' dir='ltr'>tamquam</span> <span class='ocrx_word' id='word_1_90' title='bbox 1013 1436 1186 1511; x_wconf 72' lang='lat' dir='ltr'>reduoama</span> 
     </span>
     <span class='ocr_line' id='line_1_13' title="bbox 198 1512 1154 1593; baseline 0.001 -16"><span class='ocrx_word' id='word_1_91' title='bbox 198 1520 393 1578; x_wconf 89' lang='lat' dir='ltr'>iberalitatem</span> <span class='ocrx_word' id='word_1_92' title='bbox 414 1526 444 1578; x_wconf 92' lang='lat' dir='ltr'>et</span> <span class='ocrx_word' id='word_1_93' title='bbox 463 1520 556 1578; x_wconf 91' lang='lat' dir='ltr'>lrenis</span> <span class='ocrx_word' id='word_1_94' title='bbox 578 1518 741 1579; x_wconf 86' lang='lat' dir='ltr'>artioribus</span> <span class='ocrx_word' id='word_1_95' title='bbox 755 1520 938 1593; x_wconf 79' lang='lat' dir='ltr'>reprimam:</span> <span class='ocrx_word' id='word_1_96' title='bbox 968 1518 1019 1577; x_wconf 91' lang='lat' dir='ltr'>illa</span> <span class='ocrx_word' id='word_1_97' title='bbox 1035 1512 1154 1578; x_wconf 90' lang='lat' dir='ltr'>veroin</span> 
     </span>
     <span class='ocr_line' id='line_1_14' title="bbox 199 1601 1155 1676; baseline 0 -15"><span class='ocrx_word' id='word_1_98' title='bbox 199 1610 331 1675; x_wconf 76' lang='lat' dir='ltr'>luantum</span> <span class='ocrx_word' id='word_1_99' title='bbox 351 1601 424 1661; x_wconf 89' lang='lat' dir='ltr'>libet</span> <span class='ocrx_word' id='word_1_100' title='bbox 445 1609 547 1676; x_wconf 82' lang='lat' dir='ltr'>exeat,</span> <span class='ocrx_word' id='word_1_101' title='bbox 576 1604 715 1673; x_wconf 82' lang='lat' dir='ltr'>sedeat,</span> <span class='ocrx_word' id='word_1_102' title='bbox 739 1618 800 1661; x_wconf 92' lang='lat' dir='ltr'>non</span> <span class='ocrx_word' id='word_1_103' title='bbox 821 1610 909 1661; x_wconf 82' lang='lat' dir='ltr'>erret.</span> <span class='ocrx_word' id='word_1_104' title='bbox 943 1601 1084 1662; x_wconf 86' lang='lat' dir='ltr'>Licetita</span> <span class='ocrx_word' id='word_1_105' title='bbox 1097 1603 1155 1661; x_wconf 89' lang='lat' dir='ltr'>lar-</span> 
     </span>
     <span class='ocr_line' id='line_1_15' title="bbox 199 1684 1154 1760; baseline 0.003 -18"><span class='ocrx_word' id='word_1_106' title='bbox 199 1685 256 1759; x_wconf 85' lang='lat' dir='ltr'>p&#39;ri,</span> <span class='ocrx_word' id='word_1_107' title='bbox 277 1692 311 1744; x_wconf 90' lang='lat' dir='ltr'>ut</span> <span class='ocrx_word' id='word_1_108' title='bbox 325 1685 553 1760; x_wconf 87' lang='lat' dir='ltr'>unusquisque,</span> <span class='ocrx_word' id='word_1_109' title='bbox 576 1685 692 1744; x_wconf 85' lang='lat' dir='ltr'>etiarnsi</span> <span class='ocrx_word' id='word_1_110' title='bbox 709 1701 777 1744; x_wconf 89' lang='lat' dir='ltr'>eum</span> <span class='ocrx_word' id='word_1_111' title='bbox 793 1684 892 1744; x_wconf 90' lang='lat' dir='ltr'>multis</span> <span class='ocrx_word' id='word_1_112' title='bbox 909 1686 1040 1759; x_wconf 83' lang='lat' dir='ltr'>aceepit,</span> <span class='ocrx_word' id='word_1_113' title='bbox 1056 1686 1086 1744; x_wconf 91' lang='lat' dir='ltr'>in</span> <span class='ocrx_word' id='word_1_114' title='bbox 1100 1702 1154 1759; x_wconf 93' lang='lat' dir='ltr'>po-</span> 
     </span>
     <span class='ocr_line' id='line_1_16' title="bbox 199 1768 1187 1842; baseline 0.002 -17"><span class='ocrx_word' id='word_1_115' title='bbox 199 1770 258 1834; x_wconf 74' lang='lat' dir='ltr'>tulo</span> <span class='ocrx_word' id='word_1_116' title='bbox 275 1784 310 1827; x_wconf 91' lang='lat' dir='ltr'>se</span> <span class='ocrx_word' id='word_1_117' title='bbox 326 1783 472 1827; x_wconf 89' lang='lat' dir='ltr'>essenon</span> <span class='ocrx_word' id='word_1_118' title='bbox 488 1774 581 1842; x_wconf 89' lang='lat' dir='ltr'>putet.</span> <span class='ocrx_word' id='word_1_119' title='bbox 617 1784 706 1827; x_wconf 90' lang='lat' dir='ltr'>nemo</span> <span class='ocrx_word' id='word_1_120' title='bbox 722 1785 782 1828; x_wconf 91' lang='lat' dir='ltr'>non</span> <span class='ocrx_word' id='word_1_121' title='bbox 799 1768 909 1827; x_wconf 90' lang='lat' dir='ltr'>habeat</span> <span class='ocrx_word' id='word_1_122' title='bbox 925 1770 1054 1842; x_wconf 87' lang='lat' dir='ltr'>aliquam</span> <span class='ocrx_word' id='word_1_123' title='bbox 1071 1768 1155 1827; x_wconf 91' lang='lat' dir='ltr'>lami-</span> <span class='ocrx_word' id='word_1_124' title='bbox 1177 1785 1187 1792; x_wconf 87' lang='lat'><strong>·</strong></span> 
     </span>
     <span class='ocr_line' id='line_1_17' title="bbox 199 1848 1185 1926; baseline 0 -17"><span class='ocrx_word' id='word_1_125' title='bbox 199 1850 290 1910; x_wconf 83' lang='lat' dir='ltr'>ierem</span> <span class='ocrx_word' id='word_1_126' title='bbox 304 1859 414 1922; x_wconf 88' lang='lat' dir='ltr'>notam,</span> <span class='ocrx_word' id='word_1_127' title='bbox 431 1867 587 1926; x_wconf 88' lang='lat' dir='ltr'>perquam</span> <span class='ocrx_word' id='word_1_128' title='bbox 604 1859 707 1924; x_wconf 85' lang='lat' dir='ltr'>speret</span> <span class='ocrx_word' id='word_1_129' title='bbox 719 1868 753 1910; x_wconf 92' lang='lat' dir='ltr'>se</span> <span class='ocrx_word' id='word_1_130' title='bbox 767 1852 894 1925; x_wconf 89' lang='lat' dir='ltr'>propius</span> <span class='ocrx_word' id='word_1_131' title='bbox 906 1848 1085 1911; x_wconf 56' lang='lat' dir='ltr'>admissum?</span> <span class='ocrx_word' id='word_1_132' title='bbox 1105 1853 1153 1910; x_wconf 89' lang='lat' dir='ltr'>Di·</span> <span class='ocrx_word' id='word_1_133' title='bbox 1167 1850 1185 1904; x_wconf 83' lang='grc'>3</span> 
     </span>
     <span class='ocr_line' id='line_1_18' title="bbox 199 1935 1155 2009; baseline 0.002 -18"><span class='ocrx_word' id='word_1_134' title='bbox 199 1941 247 1993; x_wconf 83' lang='lat' dir='ltr'>at=</span> <span class='ocrx_word' id='word_1_135' title='bbox 271 1936 398 2008; x_wconf 84' lang='lat' dir='ltr'>„accepi</span> <span class='ocrx_word' id='word_1_136' title='bbox 413 1936 494 1993; x_wconf 90' lang='lat' dir='ltr'>idem</span> <span class='ocrx_word' id='word_1_137' title='bbox 511 1935 674 2009; x_wconf 87' lang='lat' dir='ltr'>quoditie,</span> <span class='ocrx_word' id='word_1_138' title='bbox 697 1935 753 1994; x_wconf 91' lang='lat' dir='ltr'>sed</span> <span class='ocrx_word' id='word_1_139' title='bbox 767 1938 854 1993; x_wconf 91' lang='lat' dir='ltr'>ultro.</span> <span class='ocrx_word' id='word_1_140' title='bbox 876 1936 983 2009; x_wconf 80' lang='lat' dir='ltr'>accepi</span> <span class='ocrx_word' id='word_1_141' title='bbox 998 1937 1082 2009; x_wconf 89' lang='lat' dir='ltr'>quod</span> <span class='ocrx_word' id='word_1_142' title='bbox 1097 1936 1155 2008; x_wconf 89' lang='lat' dir='ltr'>ille,</span> 
     </span>
     <span class='ocr_line' id='line_1_19' title="bbox 199 2017 1156 2092; baseline 0.003 -18"><span class='ocrx_word' id='word_1_143' title='bbox 199 2017 240 2075; x_wconf 70' lang='lat' dir='ltr'>ted</span> <span class='ocrx_word' id='word_1_144' title='bbox 257 2032 315 2091; x_wconf 84' lang='lat' dir='ltr'>ego</span> <span class='ocrx_word' id='word_1_145' title='bbox 330 2017 409 2078; x_wconf 88' lang='lat' dir='ltr'>intra</span> <span class='ocrx_word' id='word_1_146' title='bbox 422 2018 516 2077; x_wconf 90' lang='lat' dir='ltr'>breve</span> <span class='ocrx_word' id='word_1_147' title='bbox 531 2024 666 2092; x_wconf 78' lang='lat' dir='ltr'>tempuS,</span> <span class='ocrx_word' id='word_1_148' title='bbox 688 2033 755 2078; x_wconf 90' lang='lat' dir='ltr'>eum</span> <span class='ocrx_word' id='word_1_149' title='bbox 768 2018 817 2077; x_wconf 92' lang='lat' dir='ltr'>ille</span> <span class='ocrx_word' id='word_1_150' title='bbox 828 2018 881 2076; x_wconf 91' lang='lat' dir='ltr'>diu</span> <span class='ocrx_word' id='word_1_151' title='bbox 891 2019 1062 2077; x_wconf 87' lang='lat' dir='ltr'>meruisset.</span> <span class='ocrx_word' id='word_1_152' title='bbox 1086 2027 1156 2078; x_wconf 90' lang='lat' dir='ltr'>sunt</span> 
     </span>
     <span class='ocr_line' id='line_1_20' title="bbox 199 2099 1154 2173; baseline 0.002 -16"><span class='ocrx_word' id='word_1_153' title='bbox 199 2100 237 2172; x_wconf 74' lang='lat' dir='ltr'>rui</span> <span class='ocrx_word' id='word_1_154' title='bbox 258 2100 339 2159; x_wconf 92' lang='lat' dir='ltr'>idern</span> <span class='ocrx_word' id='word_1_155' title='bbox 360 2099 505 2171; x_wconf 79' lang='lat' dir='ltr'>habeant,</span> <span class='ocrx_word' id='word_1_156' title='bbox 534 2100 591 2159; x_wconf 87' lang='lat' dir='ltr'>sed</span> <span class='ocrx_word' id='word_1_157' title='bbox 611 2117 672 2161; x_wconf 94' lang='lat' dir='ltr'>non</span> <span class='ocrx_word' id='word_1_158' title='bbox 696 2100 814 2160; x_wconf 90' lang='lat' dir='ltr'>eisdem</span> <span class='ocrx_word' id='word_1_159' title='bbox 835 2100 936 2159; x_wconf 91' lang='lat' dir='ltr'>verbis</span> <span class='ocrx_word' id='word_1_160' title='bbox 955 2100 1072 2173; x_wconf 89' lang='lat' dir='ltr'>datum,</span> <span class='ocrx_word' id='word_1_161' title='bbox 1094 2117 1154 2159; x_wconf 92' lang='lat' dir='ltr'>uon</span> 
     </span>
     <span class='ocr_line' id='line_1_21' title="bbox 199 2182 1154 2257; baseline 0.002 -17"><span class='ocrx_word' id='word_1_162' title='bbox 199 2182 293 2241; x_wconf 78' lang='lat' dir='ltr'>adem</span> <span class='ocrx_word' id='word_1_163' title='bbox 318 2182 458 2243; x_wconf 84' lang='lat' dir='ltr'>comitate</span> <span class='ocrx_word' id='word_1_164' title='bbox 477 2184 647 2243; x_wconf 90' lang='lat' dir='ltr'>tribuentis.</span> <span class='ocrx_word' id='word_1_165' title='bbox 679 2184 729 2243; x_wconf 92' lang='lat' dir='ltr'>ille</span> <span class='ocrx_word' id='word_1_166' title='bbox 750 2184 882 2257; x_wconf 83' lang='lat' dir='ltr'>aceepit,</span> <span class='ocrx_word' id='word_1_167' title='bbox 911 2199 978 2242; x_wconf 86' lang='lat' dir='ltr'>eurn</span> <span class='ocrx_word' id='word_1_168' title='bbox 1004 2191 1154 2257; x_wconf 86' lang='lat' dir='ltr'>rogasset,</span> 
     </span>
     <span class='ocr_line' id='line_1_22' title="bbox 199 2264 1155 2341; baseline 0.002 -18"><span class='ocrx_word' id='word_1_169' title='bbox 199 2280 244 2338; x_wconf 72' lang='lat' dir='ltr'>rgo</span> <span class='ocrx_word' id='word_1_170' title='bbox 260 2281 322 2324; x_wconf 93' lang='lat' dir='ltr'>non</span> <span class='ocrx_word' id='word_1_171' title='bbox 337 2282 487 2340; x_wconf 76' lang='lat' dir='ltr'>rogorum.</span> <span class='ocrx_word' id='word_1_172' title='bbox 509 2267 558 2325; x_wconf 93' lang='lat' dir='ltr'>ille</span> <span class='ocrx_word' id='word_1_173' title='bbox 573 2264 705 2340; x_wconf 84' lang='lat' dir='ltr'>aceepit,</span> <span class='ocrx_word' id='word_1_174' title='bbox 721 2268 778 2327; x_wconf 90' lang='lat' dir='ltr'>sed</span> <span class='ocrx_word' id='word_1_175' title='bbox 793 2269 881 2327; x_wconf 88' lang='lat' dir='ltr'>laeile</span> <span class='ocrx_word' id='word_1_176' title='bbox 892 2268 1082 2341; x_wconf 86' lang='lat' dir='ltr'>redditurus,</span> <span class='ocrx_word' id='word_1_177' title='bbox 1098 2268 1155 2326; x_wconf 89' lang='lat' dir='ltr'>sed</span> 
     </span>
     <span class='ocr_line' id='line_1_23' title="bbox 199 2347 1155 2425; baseline 0.004 -20"><span class='ocrx_word' id='word_1_178' title='bbox 199 2347 274 2408; x_wconf 86' lang='lat' dir='ltr'>:uius</span> <span class='ocrx_word' id='word_1_179' title='bbox 290 2357 432 2409; x_wconf 83' lang='lat' dir='ltr'>senectus</span> <span class='ocrx_word' id='word_1_180' title='bbox 448 2357 478 2409; x_wconf 92' lang='lat' dir='ltr'>et</span> <span class='ocrx_word' id='word_1_181' title='bbox 491 2348 586 2409; x_wconf 85' lang='lat' dir='ltr'>libera</span> <span class='ocrx_word' id='word_1_182' title='bbox 602 2351 715 2410; x_wconf 87' lang='lat' dir='ltr'>orbitas</span> <span class='ocrx_word' id='word_1_183' title='bbox 731 2366 840 2425; x_wconf 85' lang='lat' dir='ltr'>magna</span> <span class='ocrx_word' id='word_1_184' title='bbox 857 2351 1057 2425; x_wconf 87' lang='lat' dir='ltr'>promittebat.</span> <span class='ocrx_word' id='word_1_185' title='bbox 1084 2351 1155 2409; x_wconf 84' lang='lat' dir='ltr'>nrihi</span> 
     </span>
     <span class='ocr_line' id='line_1_24' title="bbox 199 2431 1154 2508; baseline 0.003 -20"><span class='ocrx_word' id='word_1_186' title='bbox 199 2432 255 2490; x_wconf 73' lang='lat' dir='ltr'>ilus</span> <span class='ocrx_word' id='word_1_187' title='bbox 272 2431 367 2502; x_wconf 87' lang='lat' dir='ltr'>dedit,</span> <span class='ocrx_word' id='word_1_188' title='bbox 392 2434 531 2506; x_wconf 88' lang='lat' dir='ltr'>quamvis</span> <span class='ocrx_word' id='word_1_189' title='bbox 554 2433 637 2490; x_wconf 85' lang='lat' dir='ltr'>idern</span> <span class='ocrx_word' id='word_1_190' title='bbox 651 2434 783 2506; x_wconf 89' lang='lat' dir='ltr'>dederit,</span> <span class='ocrx_word' id='word_1_191' title='bbox 801 2434 873 2507; x_wconf 92' lang='lat' dir='ltr'>qnia</span> <span class='ocrx_word' id='word_1_192' title='bbox 894 2434 960 2492; x_wconf 92' lang='lat' dir='ltr'>sine</span> <span class='ocrx_word' id='word_1_193' title='bbox 976 2450 1032 2507; x_wconf 91' lang='lat' dir='ltr'>spe</span> <span class='ocrx_word' id='word_1_194' title='bbox 1046 2435 1154 2508; x_wconf 88' lang='lat' dir='ltr'>reeipi-</span> 
     </span>
     <span class='ocr_line' id='line_1_25' title="bbox 199 2514 1184 2587; baseline 0.006 -17"><span class='ocrx_word' id='word_1_195' title='bbox 199 2514 255 2572; x_wconf 80' lang='lat' dir='ltr'>=ndi</span> <span class='ocrx_word' id='word_1_196' title='bbox 273 2514 385 2574; x_wconf 88' lang='lat' dir='ltr'>dedit.“</span> <span class='ocrx_word' id='word_1_197' title='bbox 418 2516 678 2587; x_wconf 79' lang='lat' dir='ltr'>Quemadmodum</span> <span class='ocrx_word' id='word_1_198' title='bbox 693 2516 836 2576; x_wconf 89' lang='lat' dir='ltr'>meretrix</span> <span class='ocrx_word' id='word_1_199' title='bbox 850 2517 890 2576; x_wconf 87' lang='lat' dir='ltr'>ita</span> <span class='ocrx_word' id='word_1_200' title='bbox 904 2516 980 2575; x_wconf 87' lang='lat' dir='ltr'>inter</span> <span class='ocrx_word' id='word_1_201' title='bbox 994 2520 1104 2576; x_wconf 90' lang='lat' dir='ltr'>multos</span> <span class='ocrx_word' id='word_1_202' title='bbox 1120 2516 1184 2576; x_wconf 84' lang='lat' dir='ltr'>se4</span> 
     </span>
     <span class='ocr_line' id='line_1_26' title="bbox 199 2596 1154 2673; baseline 0.003 -19"><span class='ocrx_word' id='word_1_203' title='bbox 199 2596 316 2669; x_wconf 83' lang='lat' dir='ltr'>lividet,</span> <span class='ocrx_word' id='word_1_204' title='bbox 342 2606 375 2657; x_wconf 91' lang='lat' dir='ltr'>ut</span> <span class='ocrx_word' id='word_1_205' title='bbox 399 2614 499 2660; x_wconf 88' lang='lat' dir='ltr'>nemo.</span> <span class='ocrx_word' id='word_1_206' title='bbox 514 2615 575 2658; x_wconf 91' lang='lat' dir='ltr'>non</span> <span class='ocrx_word' id='word_1_207' title='bbox 598 2599 721 2673; x_wconf 89' lang='lat' dir='ltr'>aliquod</span> <span class='ocrx_word' id='word_1_208' title='bbox 743 2599 864 2672; x_wconf 83' lang='lat' dir='ltr'>signum</span> <span class='ocrx_word' id='word_1_209' title='bbox 886 2600 1041 2659; x_wconf 83' lang='lat' dir='ltr'>familiaris</span> <span class='ocrx_word' id='word_1_210' title='bbox 1064 2602 1154 2659; x_wconf 88' lang='lat' dir='ltr'>animi</span> 
     </span>
     <span class='ocr_line' id='line_1_27' title="bbox 199 2681 1155 2754; baseline 0.003 -18"><span class='ocrx_word' id='word_1_211' title='bbox 199 2684 277 2753; x_wconf 86' lang='lat' dir='ltr'>erat,</span> <span class='ocrx_word' id='word_1_212' title='bbox 299 2681 340 2739; x_wconf 87' lang='lat' dir='ltr'>ita</span> <span class='ocrx_word' id='word_1_213' title='bbox 355 2682 406 2753; x_wconf 91' lang='lat' dir='ltr'>qui</span> <span class='ocrx_word' id='word_1_214' title='bbox 422 2682 570 2740; x_wconf 81' lang='lat' dir='ltr'>beneficia</span> <span class='ocrx_word' id='word_1_215' title='bbox 589 2698 651 2742; x_wconf 83' lang='lat' dir='ltr'>sua</span> <span class='ocrx_word' id='word_1_216' title='bbox 661 2682 802 2740; x_wconf 90' lang='lat' dir='ltr'>amabilia</span> <span class='ocrx_word' id='word_1_217' title='bbox 819 2684 881 2739; x_wconf 89' lang='lat' dir='ltr'>vult</span> <span class='ocrx_word' id='word_1_218' title='bbox 896 2698 981 2752; x_wconf 89' lang='lat' dir='ltr'>esse,</span> <span class='ocrx_word' id='word_1_219' title='bbox 1005 2684 1155 2754; x_wconf 81' lang='lat' dir='ltr'>excogitet</span> 
     </span>
     <span class='ocr_line' id='line_1_28' title="bbox 199 2763 1153 2839; baseline 0.001 -18"><span class='ocrx_word' id='word_1_220' title='bbox 199 2763 341 2835; x_wconf 73' lang='lat' dir='ltr'>quomodo</span> <span class='ocrx_word' id='word_1_221' title='bbox 363 2765 445 2823; x_wconf 91' lang='lat' dir='ltr'>multi</span> <span class='ocrx_word' id='word_1_222' title='bbox 468 2763 637 2839; x_wconf 82' lang='lat' dir='ltr'>obligentur</span> <span class='ocrx_word' id='word_1_223' title='bbox 658 2771 805 2825; x_wconf 88' lang='lat' dir='ltr'>ettamen</span> <span class='ocrx_word' id='word_1_224' title='bbox 826 2764 937 2839; x_wconf 75' lang='lat' dir='ltr'>singuli</span> <span class='ocrx_word' id='word_1_225' title='bbox 958 2764 1089 2823; x_wconf 88' lang='lat' dir='ltr'>habeant</span> <span class='ocrx_word' id='word_1_226' title='bbox 1103 2765 1153 2824; x_wconf 82' lang='lat' dir='ltr'>ali·</span> 
     </span>
     <span class='ocr_line' id='line_1_29' title="bbox 199 2845 733 2921; baseline 0.002 -17"><span class='ocrx_word' id='word_1_227' title='bbox 199 2845 275 2918; x_wconf 80' lang='lat' dir='ltr'>mid,</span> <span class='ocrx_word' id='word_1_228' title='bbox 299 2863 411 2920; x_wconf 86' lang='lat' dir='ltr'>quase</span> <span class='ocrx_word' id='word_1_229' title='bbox 428 2848 536 2906; x_wconf 84' lang='lat' dir='ltr'>ceteris</span> <span class='ocrx_word' id='word_1_230' title='bbox 553 2850 733 2921; x_wconf 81' lang='lat' dir='ltr'>praeierant.</span> 
     </span>
    </p>

    <p class='ocr_par' dir='ltr' id='par_1_4' title="bbox 199 2928 1183 3752">
     <span class='ocr_line' id='line_1_30' title="bbox 246 2928 1183 3008; baseline 0.012 -23"><span class='ocrx_word' id='word_1_231' title='bbox 246 2928 313 2986; x_wconf 90' lang='lat' dir='ltr'>XV.</span> <span class='ocrx_word' id='word_1_232' title='bbox 334 2930 399 3003; x_wconf 84' lang='lat' dir='ltr'>Ego</span> <span class='ocrx_word' id='word_1_233' title='bbox 413 2947 488 2989; x_wconf 91' lang='lat' dir='ltr'>vero</span> <span class='ocrx_word' id='word_1_234' title='bbox 502 2930 657 2990; x_wconf 86' lang='lat' dir='ltr'>benefieiis</span> <span class='ocrx_word' id='word_1_235' title='bbox 669 2948 729 2991; x_wconf 93' lang='lat' dir='ltr'>non</span> <span class='ocrx_word' id='word_1_236' title='bbox 743 2930 842 2989; x_wconf 83' lang='lat' dir='ltr'>obicio</span> <span class='ocrx_word' id='word_1_237' title='bbox 854 2946 972 2990; x_wconf 85' lang='lat' dir='ltr'>moras=</span> <span class='ocrx_word' id='word_1_238' title='bbox 996 2946 1057 3005; x_wconf 90' lang='lat' dir='ltr'>quo</span> <span class='ocrx_word' id='word_1_239' title='bbox 1070 2933 1183 3008; x_wconf 87' lang='lat' dir='ltr'>plural</span> 
     </span>
     <span class='ocr_line' id='line_1_31' title="bbox 199 3012 1154 3087; baseline 0.003 -20"><span class='ocrx_word' id='word_1_240' title='bbox 199 3012 364 3084; x_wconf 87' lang='lat' dir='ltr'>naioraque</span> <span class='ocrx_word' id='word_1_241' title='bbox 378 3014 503 3085; x_wconf 88' lang='lat' dir='ltr'>luerint,</span> <span class='ocrx_word' id='word_1_242' title='bbox 526 3014 595 3087; x_wconf 92' lang='lat' dir='ltr'>plns</span> <span class='ocrx_word' id='word_1_243' title='bbox 611 3014 741 3073; x_wconf 86' lang='lat' dir='ltr'>afferent</span> <span class='ocrx_word' id='word_1_244' title='bbox 754 3014 863 3072; x_wconf 89' lang='lat' dir='ltr'>laudis.</span> <span class='ocrx_word' id='word_1_245' title='bbox 895 3014 1154 3075; x_wconf 77' lang='lat' dir='ltr'>Adsitiudieium:</span> 
     </span>
     <span class='ocr_line' id='line_1_32' title="bbox 199 3095 1153 3171; baseline 0.005 -20"><span class='ocrx_word' id='word_1_246' title='bbox 199 3108 286 3167; x_wconf 82' lang='lat' dir='ltr'>teque</span> <span class='ocrx_word' id='word_1_247' title='bbox 310 3097 389 3154; x_wconf 93' lang='lat' dir='ltr'>enim</span> <span class='ocrx_word' id='word_1_248' title='bbox 409 3095 495 3155; x_wconf 85' lang='lat' dir='ltr'>cordi</span> <span class='ocrx_word' id='word_1_249' title='bbox 510 3113 581 3156; x_wconf 90' lang='lat' dir='ltr'>esse</span> <span class='ocrx_word' id='word_1_250' title='bbox 596 3098 737 3171; x_wconf 84' lang='lat' dir='ltr'>cuiquam</span> <span class='ocrx_word' id='word_1_251' title='bbox 754 3104 884 3170; x_wconf 91' lang='lat' dir='ltr'>possunt</span> <span class='ocrx_word' id='word_1_252' title='bbox 900 3098 976 3157; x_wconf 89' lang='lat' dir='ltr'>lorte</span> <span class='ocrx_word' id='word_1_253' title='bbox 991 3114 1026 3157; x_wconf 88' lang='lat' dir='ltr'>ae</span> <span class='ocrx_word' id='word_1_254' title='bbox 1043 3106 1153 3156; x_wconf 89' lang='lat' dir='ltr'>temere</span> 
     </span>
     <span class='ocr_line' id='line_1_33' title="bbox 199 3176 1182 3254; baseline 0.007 -21"><span class='ocrx_word' id='word_1_255' title='bbox 199 3176 266 3234; x_wconf 76' lang='lat' dir='ltr'>lata.</span> <span class='ocrx_word' id='word_1_256' title='bbox 302 3177 400 3249; x_wconf 81' lang='lat' dir='ltr'>Quare</span> <span class='ocrx_word' id='word_1_257' title='bbox 416 3180 442 3237; x_wconf 91' lang='lat' dir='ltr'>si</span> <span class='ocrx_word' id='word_1_258' title='bbox 458 3181 526 3254; x_wconf 90' lang='lat' dir='ltr'>quis</span> <span class='ocrx_word' id='word_1_259' title='bbox 538 3180 690 3239; x_wconf 89' lang='lat' dir='ltr'>existimat</span> <span class='ocrx_word' id='word_1_260' title='bbox 702 3196 774 3253; x_wconf 92' lang='lat' dir='ltr'>nos,</span> <span class='ocrx_word' id='word_1_261' title='bbox 790 3180 927 3238; x_wconf 78' lang='lat' dir='ltr'>euaristo</span> <span class='ocrx_word' id='word_1_262' title='bbox 941 3179 1182 3253; x_wconf 77' lang='lat' dir='ltr'>praeeipinrus‚a</span> 
     </span>
     <span class='ocr_line' id='line_1_34' title="bbox 199 3260 1154 3333; baseline 0.004 -17"><span class='ocrx_word' id='word_1_263' title='bbox 199 3260 355 3333; x_wconf 70' lang='lat' dir='ltr'>aerigitatis</span> <span class='ocrx_word' id='word_1_264' title='bbox 372 3262 449 3321; x_wconf 88' lang='lat' dir='ltr'>fines</span> <span class='ocrx_word' id='word_1_265' title='bbox 465 3263 613 3322; x_wconf 93' lang='lat' dir='ltr'>introrsus</span> <span class='ocrx_word' id='word_1_266' title='bbox 629 3264 743 3321; x_wconf 90' lang='lat' dir='ltr'>relerre</span> <span class='ocrx_word' id='word_1_267' title='bbox 758 3271 788 3322; x_wconf 91' lang='lat' dir='ltr'>et</span> <span class='ocrx_word' id='word_1_268' title='bbox 802 3263 843 3320; x_wconf 92' lang='lat' dir='ltr'>illi</span> <span class='ocrx_word' id='word_1_269' title='bbox 855 3263 953 3320; x_wconf 89' lang='lat' dir='ltr'>minus</span> <span class='ocrx_word' id='word_1_270' title='bbox 966 3264 1066 3320; x_wconf 84' lang='lat' dir='ltr'>laxum</span> <span class='ocrx_word' id='word_1_271' title='bbox 1080 3263 1154 3320; x_wconf 88' lang='lat' dir='ltr'>linri-</span> 
     </span>
     <span class='ocr_line' id='line_1_35' title="bbox 199 3345 1153 3421; baseline 0.002 -22"><span class='ocrx_word' id='word_1_272' title='bbox 199 3356 244 3400; x_wconf 88' lang='lat' dir='ltr'>em</span> <span class='ocrx_word' id='word_1_273' title='bbox 266 3346 401 3418; x_wconf 88' lang='lat' dir='ltr'>aperire,</span> <span class='ocrx_word' id='word_1_274' title='bbox 421 3362 460 3404; x_wconf 92' lang='lat' dir='ltr'>ne</span> <span class='ocrx_word' id='word_1_275' title='bbox 483 3361 643 3421; x_wconf 89' lang='lat' dir='ltr'>perperam</span> <span class='ocrx_word' id='word_1_276' title='bbox 665 3346 848 3407; x_wconf 89' lang='lat' dir='ltr'>monitiones</span> <span class='ocrx_word' id='word_1_277' title='bbox 865 3354 986 3404; x_wconf 89' lang='lat' dir='ltr'>nostras</span> <span class='ocrx_word' id='word_1_278' title='bbox 1001 3345 1153 3403; x_wconf 86' lang='lat' dir='ltr'>exaudiat.</span> 
     </span>
     <span class='ocr_line' id='line_1_36' title="bbox 199 3427 1154 3503; baseline 0.002 -19"><span class='ocrx_word' id='word_1_279' title='bbox 199 3440 276 3496; x_wconf 70' lang='lat' dir='ltr'>tuam</span> <span class='ocrx_word' id='word_1_280' title='bbox 292 3428 371 3487; x_wconf 82' lang='lat' dir='ltr'>eninr</span> <span class='ocrx_word' id='word_1_281' title='bbox 386 3429 525 3489; x_wconf 89' lang='lat' dir='ltr'>virtutem</span> <span class='ocrx_word' id='word_1_282' title='bbox 542 3430 638 3503; x_wconf 81' lang='lat' dir='ltr'>inagis</span> <span class='ocrx_word' id='word_1_283' title='bbox 654 3435 855 3488; x_wconf 75' lang='lat' dir='ltr'>veneramur?</span> <span class='ocrx_word' id='word_1_284' title='bbox 875 3427 923 3487; x_wconf 88' lang='lat' dir='ltr'>eui</span> <span class='ocrx_word' id='word_1_285' title='bbox 938 3429 1034 3501; x_wconf 77' lang='lat' dir='ltr'>magis</span> <span class='ocrx_word' id='word_1_286' title='bbox 1051 3429 1154 3486; x_wconf 88' lang='lat' dir='ltr'>stimu-</span> 
     </span>
     <span class='ocr_line' id='line_1_37' title="bbox 199 3510 1160 3585; baseline 0.007 -21"><span class='ocrx_word' id='word_1_287' title='bbox 199 3522 233 3566; x_wconf 91' lang='lat' dir='ltr'>os</span> <span class='ocrx_word' id='word_1_288' title='bbox 257 3510 421 3570; x_wconf 71' lang='lat' dir='ltr'>addimus?</span> <span class='ocrx_word' id='word_1_289' title='bbox 454 3513 605 3585; x_wconf 90' lang='lat' dir='ltr'>quibusve</span> <span class='ocrx_word' id='word_1_290' title='bbox 630 3520 689 3572; x_wconf 90' lang='lat' dir='ltr'>tam</span> <span class='ocrx_word' id='word_1_291' title='bbox 714 3510 856 3571; x_wconf 88' lang='lat' dir='ltr'>convenit</span> <span class='ocrx_word' id='word_1_292' title='bbox 881 3511 959 3570; x_wconf 88' lang='lat' dir='ltr'>haee</span> <span class='ocrx_word' id='word_1_293' title='bbox 984 3511 1160 3571; x_wconf 88' lang='lat' dir='ltr'>adhortatio</span> 
     </span>
     <span class='ocr_line' id='line_1_38' title="bbox 199 3594 1155 3668; baseline 0.004 -19"><span class='ocrx_word' id='word_1_294' title='bbox 199 3605 277 3662; x_wconf 74' lang='lat' dir='ltr'>quam</span> <span class='ocrx_word' id='word_1_295' title='bbox 303 3594 393 3653; x_wconf 88' lang='lat' dir='ltr'>nobis</span> <span class='ocrx_word' id='word_1_296' title='bbox 419 3596 595 3654; x_wconf 81' lang='lat' dir='ltr'>societatem</span> <span class='ocrx_word' id='word_1_297' title='bbox 624 3594 748 3653; x_wconf 90' lang='lat' dir='ltr'>humani</span> <span class='ocrx_word' id='word_1_298' title='bbox 773 3596 894 3668; x_wconf 85' lang='lat' dir='ltr'>generis</span> <span class='ocrx_word' id='word_1_299' title='bbox 924 3594 1155 3653; x_wconf 69' lang='lat' dir='ltr'>sancientibus?</span> 
     </span>
     <span class='ocr_line' id='line_1_39' title="bbox 199 3670 1181 3752; baseline 0.007 -20"><span class='ocrx_word' id='word_1_300' title='bbox 199 3670 262 3743; x_wconf 69' lang='lat' dir='ltr'>huid</span> <span class='ocrx_word' id='word_1_301' title='bbox 284 3692 358 3752; x_wconf 85' lang='lat' dir='ltr'>ergo</span> <span class='ocrx_word' id='word_1_302' title='bbox 380 3684 445 3737; x_wconf 71' lang='lat' dir='ltr'>est?</span> <span class='ocrx_word' id='word_1_303' title='bbox 473 3694 541 3739; x_wconf 90' lang='lat' dir='ltr'>oum</span> <span class='ocrx_word' id='word_1_304' title='bbox 556 3679 596 3738; x_wconf 92' lang='lat' dir='ltr'>sit</span> <span class='ocrx_word' id='word_1_305' title='bbox 610 3679 691 3738; x_wconf 89' lang='lat' dir='ltr'>nulla</span> <span class='ocrx_word' id='word_1_306' title='bbox 704 3678 834 3739; x_wconf 87' lang='lat' dir='ltr'>honesta</span> <span class='ocrx_word' id='word_1_307' title='bbox 849 3678 895 3737; x_wconf 87' lang='lat' dir='ltr'>vis</span> <span class='ocrx_word' id='word_1_308' title='bbox 909 3676 1013 3751; x_wconf 89' lang='lat' dir='ltr'>animi,</span> <span class='ocrx_word' id='word_1_309' title='bbox 1036 3678 1181 3739; x_wconf 73' lang='lat' dir='ltr'>etiamsia</span> 
     </span>
    </p>
   </div>
   <div class='ocr_carea' id='block_1_3' title="bbox 0 0 1476 4384">
    <p class='ocr_par' dir='ltr' id='par_1_5' title="bbox 0 0 1476 4384">
     <span class='ocr_line' id='line_1_40' title="bbox 0 0 1476 4384; baseline 0 0"><span class='ocrx_word' id='word_1_310' title='bbox 0 0 1476 4384; x_wconf 95' lang='lat' dir='ltr'> </span> 
     </span>
    </p>
   </div>
  </div>
 </body>
</html>
