2942 4384
401 431 453 491 DE
473 427 686 510 Beneficiis
710 430 783 489 LIB.
796 429 832 487 ΙΙ.
851 436 892 490 17.
905 437 946 490 18.
1125 427 1165 491 25

195 590 275 650 enim
292 595 542 649 transeamus
557 585 600 645 ad
616 586 775 645 aiteram
791 589 935 659 partem
953 586 1165 661 tractaturi,

147 701 150 730 ε
196 672 389 748 quomodo
418 685 459 729 se
490 684 628 743 gerere
654 667 830 728 homines
857 670 893 727 in
920 668 1165 742 accipiendis

147 753 149 792 ³
195 753 409 815 benefieiis
437 753 615 811 debeant.
657 752 877 825 Quodcumque
897 767 935 810 ex
957 751 1077 811 duobus
1093 768 1163 813 con-

147 837 150 882 3
196 846 255 899 stat
269 837 421 909 officium,
439 836 623 895 tantumdem
641 836 679 894 ab
693 842 822 908 utroque
839 834 940 909 exigit.
964 836 1061 909 quatis
1081 843 1166 909 pater

147 939 151 972 ι
196 937 267 981 εεεε
284 920 396 980 debeat
412 935 478 978 cunr
494 919 681 993 inspexeris,
706 917 787 977 scies
801 935 861 978 non
878 918 977 977 minus
990 920 1092 992 operis
1105 919 1165 977 illic

197 1018 380 1079 superesse,
409 1010 443 1061 ut
469 1002 629 1076 dispicias,
653 1002 773 1076 quatem
801 1017 872 1060 esse
898 1008 1040 1075 oporteat
1060 1002 1163 1061 fitium.

196 1094 269 1147 suut
283 1088 404 1158 aliquae
419 1091 522 1159 partes
537 1085 650 1157 mariti,
672 1085 728 1143 sed
746 1100 805 1142 nnn
822 1085 955 1143 minores
972 1085 1085 1143 uxoris.
1118 1086 1196 1149 lna

195 1169 295 1229 vicem
309 1168 369 1227 ista
387 1176 529 1241 quantum
545 1169 683 1242 exigunt,
706 1174 863 1242 praestant
882 1176 911 1226 ct
926 1184 1029 1241 parem
1044 1167 1164 1227 deside·

195 1260 264 1313 rant
277 1253 429 1325 regulam,
453 1267 546 1326 quae,
566 1258 600 1311 ut
615 1251 656 1310 ait
670 1252 821 1323 Hecaten,
842 1251 975 1310 difficilis
991 1257 1047 1309 εει.
1077 1267 1166 1310 omne

195 1336 277 1397 enim
292 1335 453 1395 honestum
465 1336 494 1393 in
510 1334 605 1394 arduo
618 1342 679 1405 est,
695 1334 785 1392 etiam
797 1335 881 1407 quod
893 1333 1022 1392 vicinum
1035 1333 1165 1394 honesto

195 1427 258 1492 est,
279 1434 343 1478 non
359 1418 438 1476 enim
452 1424 566 1477 tantum
581 1418 646 1477 fieri
662 1417 767 1490 debet,
790 1417 846 1475 sed
861 1418 976 1476 ratione
996 1416 1071 1474 fieri.
1108 1417 1166 1477 hac

194 1502 276 1562 duce
290 1516 345 1575 per
360 1507 451 1561 totam
475 1500 566 1559 vitam
586 1502 717 1560 eundum
740 1508 796 1558 est.
832 1500 953 1558 minima
973 1500 1165 1574 maximaque

196 1600 236 1644 ex
250 1584 342 1643 huius
358 1585 486 1643 consilio
501 1585 635 1657 gerenda
651 1593 735 1643 sunt:
759 1584 914 1656 quomodo
930 1584 1006 1642 haec
1024 1584 1164 1656 suaserit,

196 1667 342 1727 dandum.
377 1668 460 1726 Haec
476 1674 575 1726 autem
597 1667 668 1726 hoc
689 1667 850 1742 primum
873 1667 1009 1726 censebit
1029 1682 1101 1725 non
1121 1667 1165 1725 ab

195 1749 375 1810 omnibus
396 1748 680 1822 accipiendum.
721 1753 749 1808 A
778 1749 918 1824 quibus
946 1765 1038 1822 ergo
1067 1750 1196 1815 acci-3

194 1834 366 1908 piemusa
399 1840 432 1892 ut
451 1833 582 1891 breviter
601 1834 654 1892 tibi
674 1833 895 1905 respondeum:
925 1833 1061 1904 abhis,
1086 1832 1163 1907 qui·

193 1915 269 1975 bus
290 1916 451 1975 dedisse
475 1915 680 1975 videamur.
715 1916 793 1974 Num
809 1917 898 1974 etiam
915 1918 1030 1974 maiore
1046 1916 1165 1974 delectu

195 1998 392 2073 quaerendus
418 2006 479 2072 est,
502 1997 552 2059 cui
575 1999 742 2059 debeamus
768 2014 858 2073 quarn
882 2000 929 2057 cui
953 2003 1165 2071 praestemus?

193 2098 263 2141 nam
279 2089 386 2142 utnon
402 2088 569 2153 sequantur
583 2082 643 2140 ulta
658 2083 865 2152 incommoda,
882 2088 1051 2154 sequuntur
1065 2088 1162 2137 autern

147 2169 151 2174 ’
193 2163 340 2240 plurima,
362 2179 455 2238 grave
474 2172 576 2223 tamen
596 2159 776 2225 termentum
803 2172 850 2223 est
873 2163 985 2222 debere
1007 2163 1055 2221 cui
1074 2162 1181 2220 nolis·
1279 2181 1282 2187 ’

194 2255 303 2308 contre
316 2246 567 2306 iucundissimum
583 2247 673 2306 abeo
689 2248 848 2321 accepisse
864 2246 1056 2319 beneficium,
1066 2246 1162 2319 'quem

195 2346 299 2390 amare
315 2331 403 2389 etiam
421 2338 491 2403 post
503 2330 641 2389 iniuriam
657 2330 777 2405 possis,
797 2331 847 2389 ubi
871 2330 1030 2389 amicitiam
1050 2329 1164 2402 alioqui

194 2413 360 2473 iucundam
381 2429 474 2472 causa
496 2413 566 2471 iecit
586 2421 615 2473 et
634 2414 753 2474 iustam.
788 2414 866 2472 lttud
887 2429 960 2472 vcro
976 2413 1090 2472 honrini
1114 2419 1197 2472 vet

194 2495 332 2556 recuudo
348 2504 378 2557 ει
391 2496 489 2570 probo
505 2494 703 2555 miserrimum
719 2505 779 2569 est,
797 2498 906 2555 sicum
922 2513 1022 2555 amare
1034 2502 1163 2569 oportet,

196 2594 288 2653 quem
302 2594 364 2639 non
381 2579 470 2637 iuvat.
504 2580 626 2638 Totiens
641 2581 819 2639 admoneam
835 2595 964 2638 necesse
982 2587 1104 2637 estnon
1119 2579 1163 2635 lo-

198 2662 249 2735 qui
265 2676 314 2720 me
333 2663 372 2720 de
387 2660 590 2735 sapientibm,
616 2680 694 2736 quos
717 2662 863 2735 quicquid
884 2669 1005 2733 oportet
1024 2667 1054 2717 et
1073 2662 1164 2731 iuvat,

198 2742 250 2817 qni
261 2743 393 2803 animum
407 2746 435 2802 in
448 2750 599 2818 potestate
610 2744 723 2804 habent
736 2753 765 2803 et
776 2747 873 2816 tegern
887 2743 945 2801 sibi
958 2759 1048 2816 quam
1059 2743 1165 2802 vetunt

198 2826 314 2897 dicunt,
338 2843 428 2900 quam
447 2828 588 2887 dixerunt
610 2836 746 2899 servant,
775 2828 830 2886 sed
852 2828 891 2885 de
911 2826 1086 2900 inperfectis
1107 2824 1162 2883 ho-

197 2908 328 2969 minibus
342 2909 502 2970 honestam
516 2911 596 2969 viam
611 2910 700 2984 sequi
717 2911 903 2984 veientibus,
928 2926 1057 2983 quorum
1078 2910 1132 2968 adi
1148 2940 1161 2949 -

147 3043 149 3068 ξ
199 2998 265 3052 ctus
280 3008 374 3066 saepe
389 2994 604 3053 contumaciter
618 3002 732 3068 parent.
763 2994 868 3067 ltaque
884 2994 1055 3066 eligendum
1070 2999 1131 3065 cst,
1146 3004 1195 3055 aa

147 3073 149 3078 '
202 3089 260 3147 quo
274 3075 454 3134 beneficium
471 3076 625 3151 accipiam.
655 3083 684 3135 et
695 3077 817 3150 quidem
830 3077 1001 3150 diligentius
1015 3091 1162 3149 quaeren-

204 3156 258 3215 dus
271 3157 411 3217 beneficii
434 3174 525 3232 quarn
547 3159 694 3232 pecuniae
715 3160 856 3219 creditor.
892 3159 969 3216 Huic
990 3160 1069 3215 enim
1093 3157 1162 3215 red-

206 3237 331 3300 dendum
346 3248 394 3300 est
412 3249 554 3313 qnantum
572 3241 693 3315 accepi,
717 3244 787 3302 etsi
804 3240 939 3311 reddidi,
962 3240 1080 3298 solutus
1096 3254 1162 3296 sum

150 3329 160 3348 ‘
208 3333 239 3378 ac
251 3322 334 3383 liber.
357 3332 388 3382 at
402 3324 443 3382 itti
461 3324 529 3398 plus
545 3327 725 3386 solvendum
743 3333 807 3395 est,
822 3330 851 3382 et
865 3321 1059 3382 nihilominus
1073 3319 1161 3379 etiam

150 3357 170 3490 b
209 3403 292 3464 relata
304 3407 401 3480 gratia
417 3406 631 3467 cohaeremus=
646 3409 745 3467 debeo
758 3405 852 3478 euim,
870 3422 937 3464 curn
953 3404 1080 3476 reddidi,
1097 3420 1160 3462 rur-

157 3495 166 3564 ξ
211 3496 256 3556 sus
267 3488 400 3563 incipere
414 3496 576 3563 manetque
591 3491 729 3550 amicitia.
761 3491 800 3567 [et
813 3497 846 3548 at
860 3493 890 3549 tn
908 3489 1077 3563 amicitiam]
1101 3503 1161 3545 nen

211 3573 363 3644 receperim
382 3571 554 3647 indignum,
578 3572 676 3632 sicne
693 3575 723 3632 in
739 3572 956 3632 beneficiorum
975 3572 1097 3645 quidem
1112 3585 1160 3628 sa-

214 3652 398 3717 cratssimum
413 3657 478 3732 ius,
501 3672 541 3717 ex
559 3672 621 3732 quo
642 3654 774 3717 amicitia
788 3659 892 3716 oritur.
927 3655 1013 3730 „Non
1033 3659 1192 3729 semper‚6
