2942 4384
374 479 516 541 NATUR-
532 478 696 553 QUAEST.
717 477 791 541 LlB.
803 479 839 540 11.
861 487 994 546 xt-xt-
1114 479 1175 545 195

198 630 312 691 exalto
324 629 487 690 terebatur.
503 635 591 690 noctu
603 603 885 703 demun'prodebat
896 627 1012 704 ignem,
1028 647 1088 691 non
1101 647 1174 692 con·

196 714 331 787 tinuum,
360 713 416 772 sed
439 729 479 772 ex
501 712 668 772 intervallis
693 713 872 772 emicantem
898 712 1054 773 fulminum
1079 731 1173 790 more,

198 796 342 871 quotiens
367 796 460 855 ardor
485 796 621 855 internus
649 794 777 854 iacentis
805 812 900 869 super
924 798 1026 855 undae
1051 798 1173 872 pondus

197 880 342 940 evicerat.
378 879 490 939 deinde
504 895 582 939 saxa
597 880 719 938 evoluta
734 894 891 953 rupesque
907 880 1013 954 partim
1028 882 1201 953 inlaesaee

197 977 278 1037 quas
305 960 447 1037 spiritus,
475 970 636 1036 antequam
657 970 831 1032 urerentur,
862 963 1035 1037 expulerat,
1066 964 1174 1038 partim

197 1060 315 1105 exesae
336 1043 415 1104 etin
436 1045 587 1104 levitatem
610 1044 739 1119 pumicis
756 1059 878 1118 versae,
900 1045 1068 1105 novissime
1084 1062 1172 1106 cacu-

196 1145 269 1187 men
289 1126 351 1188 usti
375 1127 485 1187 montis
511 1128 641 1187 emicuit.
675 1135 784 1201 postea
804 1128 951 1188 altitudini
972 1130 1123 1189 adiectum
1145 1137 1175 1190 et

197 1226 309 1271 saxum
324 1210 396 1269 illud
412 1211 441 1269 in
457 1210 692 1285 magnitudinem
705 1211 823 1269 insulae
835 1212 938 1270 crevit.
973 1206 1057 1271 Idem
1070 1220 1203 1279 nostrae

197 1294 346 1354 memoria
364 1291 488 1353 Valerio
508 1292 644 1354 Asiatico
660 1296 786 1353 consule
801 1292 908 1352 iterum
924 1294 1044 1354 accidit.
1074 1296 1173 1369 Quor-

198 1393 256 1437 sus
272 1377 348 1436 haec
362 1377 471 1437 retulit
490 1383 523 1436 ut
536 1378 698 1450 adpareret
713 1392 770 1435 nec
784 1377 965 1435 exstinctum
983 1376 1083 1451 ignem
1098 1378 1173 1437 mari

197 1460 365 1534 superfuso
381 1475 438 1519 nec
452 1461 587 1535 inpetum
603 1460 668 1519 eius
684 1458 831 1533 gravitate
846 1460 975 1533 ingentis
991 1459 1092 1519 undae
1103 1476 1173 1534 pro·

197 1542 327 1603 hibitum
347 1543 446 1601 exiret
474 1544 673 1602 ducentorum
697 1558 844 1617 passuum
869 1543 966 1603 luisse
986 1542 1174 1604 altitudinem

198 1626 442 1700 Asclepiodotus
463 1626 583 1686 auditor
601 1626 757 1686 Posidonii
777 1626 912 1698 tradidit,
942 1642 998 1701 per
1019 1643 1110 1701 quam
1129 1628 1173 1686 di·

197 1708 328 1783 remptis
348 1709 437 1783 aquis
458 1709 537 1783 ignis
559 1710 689 1769 emersit.
723 1708 812 1782 Quod
833 1710 858 1768 si
874 1709 1202 1784 inmensaaquarurnr

198 1792 247 1851 vis
269 1791 457 1851 flammarum
479 1808 517 1850 ex
537 1793 597 1852 imo
613 1792 791 1852 subeuntem
810 1793 869 1851 vim
884 1809 944 1852 non
960 1794 1057 1867 potuit
1072 1794 1175 1869 oppri-

198 1890 299 1947 mere,
327 1882 441 1950 quanto
462 1876 562 1935 minus
584 1876 722 1949 inpedire
745 1876 854 1949 poterit
873 1874 973 1949 ignem
992 1876 1116 1936 nubium
1131 1884 1173 1935 te

199 1956 272 2029 nnis
292 1957 401 2018 humor
421 1966 451 2017 et
471 1959 636 2018 roscidus?
662 1958 741 2018 adeo
756 1973 807 2017 res
822 1958 881 2016 ista
895 1975 955 2018 non
971 1960 1069 2018 adfert
1082 1960 1173 2019 ullam

199 2056 332 2115 moram,
362 2057 442 2116 quae
462 2051 567 2102 contra
588 2057 698 2102 causas
715 2042 828 2115 ignium
844 2041 896 2112 sit,
919 2057 997 2115 quos
1012 2058 1073 2103 non
1091 2044 1174 2101 vide-

200 2141 271 2184 mus
285 2125 416 2183 emicare
430 2125 488 2184 nisi
502 2126 687 2199 inpendente
699 2125 797 2183 coelo.
820 2140 961 2185 screnum
973 2124 1039 2184 sine
1051 2126 1175 2184 fulmine

200 2216 259 2267 est.
286 2223 348 2267 non
368 2207 460 2266 habet
479 2208 555 2268 istos
576 2214 675 2267 metus
697 2208 763 2267 dies
785 2224 897 2281 purus,
918 2224 958 2267 ne
973 2225 1035 2268 nox
1052 2209 1175 2283 quidem

199 2290 260 2349 nisi
274 2290 408 2350 obscura
422 2291 564 2351 nubibus.
600 2290 697 2365 „Quid
713 2299 808 2365 ergo?
828 2308 889 2351 non
905 2292 1069 2365 aliquando
1085 2292 1204 2355 etiamtl

200 2374 420 2448 adpetentibus
440 2375 536 2434 stellis
557 2381 587 2433 et
606 2383 695 2435 nocte
715 2375 879 2448 tranquilla
903 2376 1078 2449 fulguratt“
1113 2375 1175 2435 Sed

201 2457 284 2516 scias
299 2457 369 2516 licet
384 2456 443 2516 illic
458 2458 557 2523 nubes
573 2472 659 2531 esse,
679 2458 761 2517 unde
775 2459 923 2531 splendor
937 2458 1075 2531 effertur,
1098 2474 1175 2533 quas

199 2539 428 2599 viderianobis
440 2548 587 2601 terramm
599 2547 698 2601 tumor
709 2558 770 2601 non
781 2542 860 2600 sinit.
881 2541 979 2600 Adice
989 2558 1078 2613 nunc,
1092 2542 1204 2616 quod9

200 2621 270 2682 lieri
296 2630 409 2697 potest,
436 2631 468 2683 ut
493 2625 590 2684 nubes
617 2640 755 2683 summae
776 2631 806 2683 et
828 2625 958 2684 humiles
982 2623 1092 2684 adtritu
1117 2641 1174 2683 suo

201 2706 304 2780 ignem
323 2707 467 2777 reddent,
491 2708 542 2781 qui
563 2706 592 2765 in
608 2708 751 2766 interiore
766 2722 934 2780 expressus
950 2707 981 2765 in
996 2714 1083 2781 perte
1098 2707 1175 2766 coeli

202 2790 324 2849 sincera
340 2805 475 2864 puraque
490 2789 611 2850 visitur:
634 2791 689 2850 sed
705 2791 739 2848 fit
752 2791 781 2848 in
797 2791 932 2850 sordida.

264 2870 386 2931 XXVII.
413 2874 600 2934 Tonitrua
626 2873 845 2940 distinxere
869 2874 1018 2949 quidam
1047 2872 1115 2948 ita,
1138 2880 1204 2937 utl

202 2954 381 3016 dicerent
410 2974 521 3017 unum
554 2972 644 3017 esse
671 2974 807 3032 genus,
839 2959 950 3019 ouius
979 2974 1094 3032 grave
1126 2959 1176 3018 sit

201 3053 388 3110 murmur,
425 3042 538 3115 quale
576 3048 764 3101 terrarum
802 3049 941 3102 motum
975 3042 1177 3104 antecedit

187 3119 190 3123 ’
202 3122 309 3181 clauso
323 3129 413 3182 vento
426 3132 455 3183 et
467 3125 620 3183 tremente.
642 3123 702 3183 hoo
714 3125 868 3198 quomodo
882 3125 1018 3183 videatur
1030 3124 1088 3182 illis
1100 3125 1176 3197 lieri,

202 3204 313 3264 dicam.
353 3204 427 3265 Cum
449 3208 586 3282 spIritum
608 3207 685 3266 intra
707 3222 742 3266 se
760 3208 899 3266 clausere
919 3206 1032 3279 nubes,
1056 3206 1085 3263 in
1104 3221 1204 3272 con-2

201 3287 290 3347 cavis
305 3289 440 3362 partibus
455 3306 559 3350 earum
573 3293 725 3350 volutatus
738 3306 791 3347 aer
802 3288 929 3347 similem
940 3287 1002 3361 agit
1013 3290 1176 3362 mugitibus

201 3386 322 3443 sonum,
332 3388 457 3432 raucum
465 3381 495 3432 et
503 3375 661 3448 aequalem
671 3381 700 3433 ct
708 3373 897 3432 continuum:
913 3371 1111 3445 itaqueetiam
1121 3372 1176 3432 hu-

200 3454 285 3515 mida
299 3461 346 3514 est
360 3456 411 3515 illa
425 3459 508 3531 regio
521 3464 551 3515 et
565 3458 677 3516 exitum
691 3456 811 3515 claudit.
832 3456 901 3516 ideo
914 3455 1086 3516 huiusmodi
1100 3456 1177 3515 toni-

199 3545 270 3599 trua
284 3540 405 3599 venturi
420 3540 599 3615 praenuntia
613 3540 718 3599 imbris
731 3546 810 3599 sunt.
843 3540 962 3600 Aliud
979 3555 1099 3613 genus
1118 3543 1204 3600 est3

200 3636 306 3697 acre,
322 3624 407 3697 quod
418 3624 560 3684 acerbum
573 3623 682 3698 mage*
695 3623 822 3683 dixerim
832 3640 922 3697 quarn
934 3639 1088 3695 sonorum,
1101 3639 1175 3697 qua-

199 3704 260 3766 lem
272 3706 380 3768 audire
394 3709 545 3783 salernus„
561 3723 629 3768 cum
641 3722 736 3783 super
747 3715 838 3782 caput
850 3705 979 3767 alicuius
991 3706 1112 3781 dirupta
1123 3722 1176 3766 ve·

969 3789 1023 3850 13*
