2942 4384
395 479 445 541 oa
465 469 677 543 annosioris
698 482 835 544 oraru.
855 445 1004 571 asssaa
1135 487 1177 551 sa

202 634 366 696 cuiusdam
376 634 553 695 Macedouis
565 635 712 708 expulsus
725 643 781 695 est
804 636 885 710 quod
898 644 930 696 ut
941 637 1107 699 nunIIatum
1119 650 1174 713 est,

202 719 390 793 accucurrit,
407 718 543 791 spIritum
560 718 625 777 eius
640 720 810 791 recollegit,
827 718 856 777 in
873 720 973 778 villam
991 722 1071 780 illum
1089 740 1175 783 suam

201 802 373 875 transtulit,
397 801 508 860 lectulo
528 816 585 859 suo
609 802 715 875 cessit,
741 802 890 862 adlectum
908 804 1176 880 semianimemque

200 883 368 959 recreavit,
392 883 502 943 dIebus
527 884 647 958 triginta
671 885 802 959 Inpensa
826 901 883 944 sua
904 888 1036 960 curavit,
1061 891 1176 964 reiecit,

201 969 313 1029 viatico
334 966 489 1039 instruxit,
511 967 640 1027 subinde
661 969 824 1027 dicentem}
847 971 998 1043 „gratiam
1018 970 1072 1030 tibi
1096 974 1174 1031 rele-

200 1067 281 1124 ram,
308 1051 413 1109 videre
433 1057 547 1110 tantum
561 1050 632 1109 mihi
647 1052 859 1125 imperatorem
874 1069 972 1112 meum
989 1056 1174 1129 contingat.“

200 1133 342 1193 Narravit
361 1133 500 1209 Philippo
525 1135 713 1207 naufragium
733 1151 837 1208 suum,
863 1136 1007 1196 auxilium
1032 1139 1125 1198 tacuit
1145 1147 1205 1202 eta

201 1218 341 1293 protinus
363 1216 460 1290 petiit,
485 1223 518 1276 ut
537 1216 594 1277 sibi
617 1218 775 1276 cuiusdam
797 1220 922 1292 praedia
942 1220 1079 1280 donaret.
1121 1223 1173 1282 Ille

202 1301 325 1375 quidem
340 1306 405 1359 erat
418 1300 535 1374 hospes
549 1300 615 1359 eius
637 1301 663 1359 is
683 1301 768 1373 ipse,
782 1318 800 1359 a
816 1318 877 1373 quo
891 1310 1035 1375 receptus
1052 1311 1130 1377 erat,
1155 1322 1174 1364 a

201 1400 263 1457 quo
290 1390 425 1442 sanatus.
456 1383 551 1443 Multa
574 1383 690 1443 interim
715 1399 805 1456 reges
832 1384 862 1441 in
888 1385 967 1443 bello
995 1388 1172 1460 praesertim

201 1466 317 1541 opertis
334 1465 430 1525 oculis
445 1466 567 1526 donant.
596 1483 656 1525 non
673 1466 787 1526 sullicit
800 1467 890 1526 homo
905 1467 1002 1527 iustus
1016 1475 1061 1527 tot
1075 1484 1171 1527 arma-

200 1550 238 1609 tis
253 1547 482 1623 cupiditatibus.
505 1566 564 1609 non
580 1557 681 1624 potest
694 1550 856 1623 quisquam
869 1551 977 1611 eodem
993 1560 1128 1626 tempore
1142 1559 1172 1612 et

199 1631 314 1693 bonum
330 1632 428 1690 virum
448 1640 479 1692 et
499 1633 611 1692 bonum
632 1633 740 1691 ducem
756 1649 857 1706 agere.
889 1636 1044 1708 quomodo
1060 1642 1103 1694 tot
1117 1636 1170 1694 mi-

200 1716 239 1773 Iia
253 1713 410 1775 homiuum
429 1716 610 1774 insatiabilia
631 1717 841 1775 satiabuntur?
861 1718 933 1791 quid
955 1717 1123 1791 habebunt,
1144 1718 1170 1778 si

200 1814 289 1858 suum
312 1798 443 1872 quisque
456 1798 615 1858 habuerit?
644 1799 727 1857 Ilaec
741 1799 899 1873 Philippus
917 1801 974 1860 sIbi
989 1800 1078 1875 dixit,
1101 1816 1202 1869 cuma

199 1880 281 1940 illum
299 1879 402 1939 Induci
418 1883 447 1941 in
462 1881 543 1941 bona
559 1897 636 1955 quae
652 1882 773 1955 petebat
786 1883 884 1942 Iussit.
910 1884 1066 1957 Expulsus
1080 1886 1169 1944 bonis
1203 1930 1206 1933 -

199 1964 263 2024 suis
284 1963 336 2023 ille
356 1980 417 2024 non
431 1971 464 2024 ut
478 1965 610 2025 rusticus
625 1964 763 2023 Iniuriam
777 1965 886 2024 tacitus
902 1966 981 2039 tulit,
997 1974 1168 2039 contentus,

199 2047 282 2121 quod
303 2062 364 2107 non
385 2054 415 2106 et
434 2048 501 2121 ipse
521 2048 651 2107 donatus
668 2055 764 2121 esset,
785 2048 842 2107 sed
855 2048 993 2123 Philippo
1009 2052 1170 2123 epistulam

198 2130 324 2190 strictim
348 2145 394 2193 ac,
406 2131 567 2190 liberaliter
587 2130 718 2205 scripsit.
762 2148 823 2205 qua
843 2140 969 2205 accepta
990 2132 1030 2191 ita
1045 2134 1168 2205 exarsit,

196 2221 229 2273 ut
244 2212 347 2273 statim
360 2212 529 2273 Pausaniae
543 2215 713 2287 mandaret,
733 2214 816 2273 bona
837 2214 930 2289 priori
946 2216 1068 2275 domino
1081 2216 1168 2274 resti-

196 2303 310 2356 tuerem
334 2303 466 2356 ceterum
482 2296 697 2371 inprobissimo
714 2297 812 2369 militi,
827 2298 1031 2371 IngratIssImo
1045 2299 1168 2372 hospiti,

196 2377 376 2438 avidissimo
396 2381 543 2453 naufrago
565 2380 704 2454 stigmata
717 2380 895 2442 inscriberet
910 2383 1056 2457 ingratum
1071 2382 1167 2442 homi-

195 2477 265 2520 nem
279 2462 428 2521 testantia.
447 2462 564 2535 Dignus
579 2462 702 2536 quidem
717 2465 781 2535 luit,
794 2464 843 2523 cui
857 2480 917 2523 non
932 2466 1199 2529 inscriberenturl

194 2545 264 2603 illae
279 2543 399 2619 literae,
413 2545 468 2605 sed
483 2545 740 2620 insculperentur,
756 2547 807 2620 qui
819 2547 968 2622 hospitem
984 2565 1071 2607 suum
1084 2549 1167 2607 nudo

196 2634 225 2687 el
244 2627 395 2701 naufrago
416 2627 544 2687 similem
561 2629 591 2687 in
602 2628 634 2687 id
650 2633 702 2701 [tn]
719 2646 780 2703 quo
796 2630 930 2688 iacuerat
944 2630 1013 2703 ipse
1027 2630 1098 2689 litus
1114 2646 1166 2687 ex·

195 2712 324 2783 pulerat.
355 2710 416 2769 Sed
430 2711 615 2783 videbimus,
637 2712 706 2786 quis
727 2712 836 2771 modus
859 2727 976 2785 poenae
996 2713 1197 2775 servanduso

195 2793 298 2852 luerim
312 2794 508 2853 auferendum
520 2796 625 2869 utique
639 2795 707 2866 luit,
724 2796 807 2870 quod
819 2811 937 2855 summo
953 2797 1068 2855 scelere
1082 2796 1167 2853 inva-

195 2882 287 2935 serat
324 2876 397 2949 Quis
412 2883 513 2936 autem
529 2894 629 2951 poena
643 2879 708 2938 eius
726 2887 912 2952 moveretur,
932 2880 1025 2952 quiid
1041 2880 1163 2938 commi-

194 2965 292 3031 serat,
309 2974 364 3033 per
379 2960 461 3033 quod
476 2976 565 3021 nemo
581 2962 715 3020 misereri
731 2964 905 3022 irrisericors
923 2969 1050 3035 posset'l

254 3042 417 3102 XXXVIII,
438 3044 527 3104 Dabit
541 3043 593 3103 tibi
607 3044 780 3120 Philippus,
799 3046 870 3119 quia
889 3047 1040 3119 promisit,
1061 3045 1192 3109 etiam-1

194 3125 220 3184 si
246 3140 308 3185 non
338 3126 448 3198 debet,
475 3128 592 3186 etiamsi
617 3129 755 3188 iniuriam
783 3130 917 3188 facturus
944 3136 1011 3199 est,
1047 3128 1165 3186 etiamsi

193 3209 295 3268 scelus
317 3209 451 3268 tacturus
472 3217 536 3281 est,
562 3210 680 3270 etlamsi
694 3229 756 3272 uno
778 3214 857 3271 lacto
880 3213 1097 3283 praeclusurus
1118 3213 1165 3266 est

192 3292 348 3364 naufragis
371 3293 479 3352 litora?
507 3293 572 3353 Non
594 3301 641 3353 cst
659 3294 766 3353 levitas
788 3309 806 3351 a
827 3292 948 3364 cognito
970 3299 999 3350 et
1021 3293 1163 3350 damnato

191 3388 296 3433 errore
315 3374 474 3433 discedere
494 3382 523 3434 et
537 3377 666 3450 ingenue
680 3376 833 3434 latendum
845 3382 906 3434 est:
929 3375 1035 3446 „aliud
1050 3375 1162 3447 putavi,

191 3456 341 3530 deceptus
363 3464 460 3517 sum.“
491 3460 575 3517 Haec
594 3476 668 3518 vero
691 3458 842 3532 superbae
863 3459 1004 3518 stuIIIIIae
1021 3472 1163 3530 perseve-

189 3538 289 3599 rantia
310 3547 372 3599 est:
393 3541 503 3615 „quod
524 3544 618 3602 semel
639 3543 716 3615 dixi,
740 3542 962 3615 qualecumque
982 3548 1043 3609 est,
1067 3541 1162 3599 fixum
1249 3605 1251 3608 ,

189 3629 351 3697 ratumque
369 3624 438 3698 sil.“v
468 3624 534 3684 Non
553 3632 600 3684 est
618 3633 706 3699 turpe
728 3641 797 3683 cum
812 3640 845 3683 re
861 3632 976 3683 mutare
991 3623 1160 3683 eonsilium.

189 3707 272 3781 Age,
292 3705 320 3765 si
334 3705 491 3782 Philippus
511 3724 726 3783 possessorem
742 3708 823 3767 illum
839 3724 944 3768 eorum
960 3705 1078 3767 litorum
1094 3708 1161 3766 reli·
1177 3707 1194 3765 t

959 3792 998 3851 6*
