2942 4384
365 429 505 493 aaron.
521 432 681 507 Qunasr.
703 433 836 493 maur.
859 442 992 497 rr-m.
1103 434 1165 496 235

193 580 282 657 paria
301 588 381 641 sunt.
410 598 478 641 nam
500 599 554 656 par
573 581 707 657 undique
728 583 786 642 sibi
807 583 876 657 ipsa
898 585 985 642 tellus
1001 590 1062 643 est:
1091 600 1167 645 cava

193 666 260 724 eius
272 673 301 724 et
318 666 407 739 plana
421 666 486 725 eius
501 667 645 739 interiora
659 673 737 725 sunt.
763 666 818 724 sed
834 667 900 725 istis
913 666 932 724 a'
944 668 1002 726 deo
1019 668 1047 725 in
1063 677 1165 727 rotun-

194 749 267 807 dum
279 748 363 807 orbis
372 755 520 822 aequatus
533 757 588 808 est.
610 749 639 807 in
653 758 738 822 parte
751 757 849 807 autem
862 750 928 809 eius
941 758 971 808 et
981 751 1075 808 maria
1086 760 1166 822 sunt,

194 846 275 905 quac
296 830 326 889 in
347 831 438 890 unius
458 832 537 905 pilae
551 833 766 905 aequalitatem
782 834 973 891 conveniunt.
1010 832 1071 892 Sed
1089 836 1168 893 sicut

194 930 322 987 campos
346 914 508 972 intuentem
531 930 609 987 quae
631 917 775 987 paulatim
797 915 915 973 devexa
937 924 1024 987 sunt,
1051 918 1166 989 fallunt,

194 998 238 1055 sic
261 1012 329 1055 cum
349 1013 410 1056 non
429 997 630 1071 intellegimus
647 1007 823 1057 curvaturas
839 1000 945 1071 maris,
969 1000 1088 1058 videtur
1103 1003 1165 1073 pla·

193 1096 281 1153 num,
303 1079 449 1153 quicquid
464 1081 600 1153 adparet.
623 1088 654 1139 at
667 1081 740 1139 illud
757 1084 885 1156 aequale
899 1084 986 1140 terris
1000 1090 1061 1153 est,
1082 1084 1165 1141 ideo·

194 1179 258 1237 que.
277 1169 311 1221 ut
332 1162 450 1235 ellluat,
473 1180 534 1222 non
554 1178 664 1236 magna
686 1164 765 1222 mole
781 1179 814 1222 se
830 1166 920 1245 tollit,
943 1166 1014 1224 dum
1030 1167 1103 1224 satis
1120 1173 1167 1225 est

193 1246 250 1316 illi,
273 1252 307 1304 ut
327 1261 421 1319 supra
436 1246 520 1319 paria
534 1245 649 1316 veniat,
673 1247 778 1305 leviter
793 1262 973 1319 exsurgere,
997 1264 1053 1306 nec
1068 1265 1085 1305 a
1099 1250 1166 1307 lito--

191 1343 242 1400 re,
264 1326 318 1386 ubi
337 1329 462 1387 inlerius
483 1336 545 1401 est,
570 1329 627 1387 sed
648 1346 665 1387 a
686 1330 802 1401 medin,
822 1328 874 1387 ubi
889 1331 939 1387 ille
955 1333 1094 1389 cumulus
1110 1340 1164 1403 est,

193 1410 311 1470 defluit.
351 1411 431 1484 Ergo
454 1418 484 1470 ut
506 1413 584 1470 solet
604 1418 707 1469 aestus
732 1412 963 1485 aequinoctialis
987 1413 1044 1471 sub
1066 1414 1193 1488 ipsumli

192 1494 283 1553 lunae
305 1494 441 1568 solisque
465 1494 575 1554 coitum
597 1495 737 1554 omnibus
759 1494 825 1553 aliis
847 1496 941 1553 maior
960 1497 1090 1568 undare,
1120 1498 1165 1556 sic

193 1577 256 1649 hic,
280 1578 334 1650 qui
354 1577 394 1635 ad
415 1578 612 1651 occupandas
634 1585 728 1636 terras
748 1578 878 1650 mittitur,
901 1579 996 1638 solitis
1012 1580 1165 1639 maximis-

195 1674 255 1734 que
278 1659 437 1719 violentior
459 1662 527 1735 plus
543 1677 689 1734 aquarum
705 1660 795 1719 trahit
810 1678 865 1720 nec
882 1669 950 1721 ante
966 1678 1055 1735 quam
1071 1680 1166 1736 supra

194 1743 352 1801 cacumina
373 1758 492 1812 eorum,
514 1760 592 1817 quos
614 1745 795 1817 perlusurus
817 1753 878 1816 est,
900 1747 1046 1805 montium
1062 1746 1164 1816 crevit,

194 1825 376 1885 devolvitur.
409 1826 467 1884 Per
482 1835 610 1885 centena
620 1828 701 1886 milia
713 1826 896 1901 quibusdam
908 1829 984 1887 locis
996 1837 1100 1889 aestus
1112 1846 1164 1887 ex-

193 1908 289 1967 currit
311 1907 454 1968 innoxius
474 1916 503 1968 et
524 1909 660 1969 ordinem
687 1919 797 1970 servat.
829 1911 866 1967 ad
893 1928 1063 1969 mensuram
1085 1912 1165 1970 enim

193 1991 305 2052 crescit
325 1992 494 2065 iterumque
515 1993 679 2052 decrescit=
702 1993 803 2051 atillo
825 2000 961 2067 tempore
983 1996 1101 2053 solutus
1122 1995 1163 2052 le·

192 2075 284 2147 gibus
306 2072 373 2133 sine
393 2076 483 2135 modo
500 2076 601 2135 lertur.
638 2075 723 2147 „Qua
737 2076 894 2135 ratione2“
921 2077 1032 2150 inquis.
1059 2077 1192 2135 eademi

191 2158 326 2229 ratione,
347 2174 408 2232 qua
426 2157 623 2233 conflagratio
639 2160 739 2217 lutura
754 2165 809 2217 est.
843 2159 1010 2233 Utrumque
1025 2159 1072 2229 fit,
1096 2174 1163 2218 cum

193 2241 252 2300 deo
268 2240 370 2299 visum
385 2241 478 2299 ordiri
493 2242 631 2312 meliora,
653 2251 757 2301 vetera
772 2241 860 2300 finiri.
883 2258 963 2317 aqua
976 2251 1004 2301 et
1016 2242 1093 2315 ignis
1107 2250 1164 2301 ter-

190 2323 276 2382 renis
299 2324 500 2382 dominantur.
532 2340 571 2382 ex
590 2324 638 2383 his
660 2332 744 2383 ortus
765 2333 795 2383 et
819 2342 857 2383 ex
876 2325 923 2384 his
947 2324 1085 2385 interitus
1108 2332 1164 2385 est.

191 2421 265 2479 ergo
290 2408 476 2481 quandoque
498 2409 640 2481 placuere
660 2424 710 2466 res
731 2424 830 2466 novae
850 2409 979 2479 mundo,
1001 2408 1090 2467 sicin
1107 2424 1164 2468 nos

191 2504 277 2547 mare
298 2490 438 2549 emittitur
459 2490 607 2565 desuper,
627 2497 661 2550 ut
679 2492 782 2550 servor
809 2491 966 2565 ignisque,
991 2508 1059 2551 cum
1084 2492 1165 2551 aliud

190 2588 290 2647 genus
307 2571 388 2631 exitii
405 2574 526 2646 placuit.

252 2654 358 2714 XXIX.
387 2655 513 2727 Quidam
534 2657 707 2717 existimant
727 2663 838 2716 terram
861 2674 984 2731 quoque
1000 2655 1119 2715 concuti
1135 2662 1191 2714 etl

190 2739 314 2812 dirupto
339 2741 405 2797 solo
428 2755 508 2797 nova
528 2739 684 2800 fluminum
706 2741 805 2814 capita
826 2741 982 2814 detegere,
1006 2755 1085 2814 qnae
1102 2755 1162 2796 am-

191 2821 275 2896 plius
297 2827 328 2879 ut
347 2822 468 2895 epleno
486 2823 677 2895 profundant.
711 2826 862 2894 BerosuS,
886 2822 935 2897 qui
952 2823 1058 2880 Belum
1074 2823 1164 2880 inter-

191 2911 329 2977 prelatus
350 2911 411 2975 est,
434 2905 475 2963 ait
495 2906 553 2965 ista
573 2922 665 2964 cursu
687 2906 821 2964 siderum
842 2906 917 2965 lieri.
946 2906 1024 2966 adeo
1041 2905 1165 2980 quidem

192 2987 347 3056 adfirmat,
373 2994 406 3046 ut
426 2987 654 3061 conflagrationi
676 2995 706 3048 et
727 2989 843 3048 diluvio
867 2996 987 3063 tempus
1008 2990 1163 3064 adsignet:

191 3085 299 3128 arsura
311 3070 389 3128 enim
401 3076 521 3129 terrena
532 3073 699 3144 contendit,
712 3073 835 3145 quando
849 3074 948 3131 omnia
959 3074 1069 3143 sidera,
1086 3086 1165 3144 quae

190 3168 272 3211 nunc
287 3150 428 3211 diversos
443 3161 535 3227 agunt
549 3169 673 3223 cursus,
696 3154 726 3210 in
743 3154 890 3212 Cancrum
909 3155 1105 3212 convenerint
1120 3153 1165 3210 sic

192 3236 248 3293 sub
265 3236 374 3293 eodem
390 3237 490 3312 posita
504 3238 647 3310 vestigio,
669 3243 702 3295 ut
715 3243 799 3293 recta
812 3236 893 3292 linea
907 3235 991 3292 exire
1007 3250 1060 3306 per
1072 3233 1163 3292 orbes

191 3318 328 3377 omnium
348 3320 461 3391 possit:
489 3319 718 3379 inundationem
739 3319 885 3389 futuram,
915 3332 982 3375 cum
1001 3316 1107 3373 endem
1123 3315 1163 3373 si-

192 3402 297 3460 derum
313 3401 401 3460 turba
419 3404 448 3460 ln
465 3402 680 3476 Capricornum
695 3400 880 3459 convenerit.
914 3400 978 3458 Illic
993 3398 1163 3471 solstitium,

191 3482 238 3543 hie
261 3484 369 3543 bruma
390 3485 563 3545 conficitur:
592 3501 719 3557 magnae
744 3484 895 3558 potentiae
917 3483 1019 3556 signa,
1040 3480 1162 3555 quando

186 3565 218 3625 r'n
234 3567 306 3641 ipsa
320 3567 486 3628 mutatione
501 3570 571 3627 anni
586 3574 737 3627 momenta
754 3572 832 3626 sunt.
865 3567 903 3625 Et
917 3567 991 3624 istas
1008 3581 1064 3637 ego
1080 3572 1191 3623 rece-2

191 3652 287 3725 perim
310 3665 421 3712 causas
442 3659 558 3727 (neque
572 3651 650 3712 enim
667 3666 706 3709 ex
719 3668 782 3713 uno
798 3656 845 3711 est
859 3656 941 3711 lanta
954 3647 1119 3725 pernicies)
1134 3654 1164 3707 et
