2942 4384
407 470 548 532 NATUR.
566 470 728 545 QUAEST.
750 471 821 530 LIB.
836 472 858 529 Ι.
880 480 978 536 loll·
1121 472 1179 537 181

202 621 266 682 dat.
286 618 318 680 Si
333 620 438 679 liceret
454 619 534 692 milri,
550 620 589 678 ad
603 635 708 678 verum
720 619 779 678 ista
793 618 1008 693 perducerem:
1032 621 1177 693 quianon
1195 634 1212 687 9

199 704 283 776 licet,
297 704 591 777 mendaciopascar.
615 703 811 762 obscoenitas
825 717 893 760 mea
907 703 976 775 plus
993 703 1180 778 quam·capit

201 786 306 845 videat
325 794 355 845 et
375 787 547 859 patientiam
568 801 654 844 suam
675 786 745 858 ipsa
764 785 921 843 miretur.“
956 784 1084 845 Facinus
1105 788 1181 845 indi-

200 884 306 944 gnum.
335 867 385 927 hic
400 870 533 928 tortasse
548 869 606 927 cito
622 874 653 926 et
667 874 830 941 antequam
848 868 965 926 videret
981 869 1102 928 occisus
1117 876 1179 928 est:

200 951 242 1011 ad
260 951 422 1026 speculum
438 966 525 1009 suum
543 951 736 1010 inmolandus
755 951 819 1013 luit.

266 1034 360 1093 xvll.
385 1032 587 1092 Derideantur
601 1048 682 1092 nunc
697 1032 892 1108 philosophi,
908 1036 992 1110 quod
1007 1036 1046 1095 de
1062 1036 1180 1109 speculi
1197 1042 1211 1092 1

201 1123 311 1176 natura
322 1115 498 1187 disserant,
521 1116 604 1189 quod
624 1116 792 1190 inquirant,
818 1116 892 1191 quid
907 1119 949 1178 ita
965 1120 1058 1179 lacios
1074 1126 1181 1178 nostra

200 1199 292 1259 nobis
315 1198 487 1273 etquidem
507 1200 537 1257 in
561 1213 618 1257 nos
640 1199 774 1258 obversa
787 1201 947 1275 reddatur,
968 1203 1040 1275 quid
1058 1202 1115 1259 sibi
1132 1216 1179 1258 re·

200 1297 270 1342 rum
284 1288 392 1341 natura
407 1280 551 1352 voluerit,
573 1282 672 1355 quod,
693 1297 761 1339 eum
784 1298 857 1340 vera
877 1299 1008 1357 corpora
1022 1284 1179 1355 edidisset,

201 1366 295 1424 etiam
313 1365 474 1423 simulacra
488 1380 593 1422 eorum
606 1364 726 1437 adspici
743 1364 846 1423 voluit.
884 1365 1023 1438 Quorsus
1040 1366 1211 1439 pertinatia

200 1446 282 1507 hone
303 1462 470 1521 conparare
491 1447 645 1506 materiam
670 1446 918 1519 excipiendarum
938 1449 1100 1521 imaginum
1126 1464 1178 1521 po-

199 1535 336 1589 tentem?
349 1546 408 1589 non
424 1530 453 1588 in
469 1528 528 1588 hoc
541 1530 665 1602 scilicet,
680 1538 714 1588 ut
725 1531 764 1587 ad
779 1532 939 1603 specuium
951 1531 1076 1590 barbam
1088 1532 1179 1589 velle·

200 1628 309 1672 remus
328 1620 380 1671 aut
398 1620 430 1671 ut
450 1612 557 1671 taciem
579 1612 634 1669 viri
654 1613 829 1685 potiremus.
862 1614 895 1671 ln
918 1614 1001 1673 nulla
1015 1629 1048 1671 re
1062 1614 1113 1673 illa
1127 1629 1179 1672 ne·

201 1694 319 1769 gotium
333 1695 471 1754 luxuriae
486 1696 657 1754 concessit:
673 1695 727 1752 sed
746 1696 874 1769 primum
891 1696 1033 1769 omnium,
1050 1697 1122 1770 quia
1136 1697 1179 1754 in-

201 1777 305 1837 becilli
330 1778 409 1836 oculi
434 1778 472 1836 ad
498 1778 708 1836 sustinendum
735 1778 872 1837 cominus
896 1780 993 1839 solem
1013 1780 1180 1853 ignoraturi

201 1868 290 1920 erant
304 1861 429 1919 formam
444 1860 520 1932 eiuS,
536 1859 676 1919 hebetato
691 1860 774 1918 illum
790 1862 901 1920 lumine
917 1862 1058 1922 ostendit.
1076 1878 1180 1935 quam-

201 1943 252 2002 vis
266 1942 346 2001 enim
363 1944 507 2001 orientem
524 1941 774 2016 occidentemque
786 1958 855 2000 eum
870 1945 1068 2017 contemplari
1082 1946 1179 2015 liceat,

201 2033 305 2085 tamen
319 2025 452 2084 habitum
468 2024 583 2098 ipsum,
605 2024 657 2099 qui
677 2040 769 2082 verus
791 2034 851 2097 est,
874 2043 936 2085 non
951 2026 1101 2097 rubentis,
1124 2027 1180 2086 sed

203 2108 337 2168 candida
358 2110 425 2166 luce
447 2107 587 2180 fulgentis
609 2106 815 2181 nescIremuS,
835 2108 895 2168 nisi
917 2110 946 2167 in
964 2110 1072 2183 aliquo
1091 2109 1180 2167 nobis

202 2189 333 2251 humore
354 2192 451 2249 lenior
474 2198 506 2250 et
529 2191 647 2264 adspici
668 2191 785 2249 lacilior
805 2200 987 2251 occurreret.
1021 2192 1211 2250 Praetereas

203 2274 336 2333 duorum
355 2274 488 2332 siderum
509 2289 685 2345 occursum,
714 2291 774 2348 quo
797 2273 979 2349 interpellari
1000 2275 1067 2333 dies
1092 2275 1179 2344 solet,

202 2372 265 2415 non
282 2356 454 2415 videremus
469 2372 525 2415 nec
540 2356 619 2414 scire
635 2372 813 2431 possemus,
831 2360 904 2432 qnid
919 2366 1017 2431 esset,
1033 2358 1089 2416 nisi
1106 2357 1177 2415 libe·

203 2438 267 2497 rius
290 2437 371 2497 humi
392 2439 465 2498 solis
489 2439 812 2513 lunaequeimagines
836 2442 1021 2502 videremus.
1055 2442 1211 2498 luventat

203 2528 276 2579 sunt
291 2522 426 2593 specula,
444 2529 477 2581 ut
491 2521 581 2580 homo
598 2521 666 2594 ipse
681 2537 716 2581 se
731 2530 846 2581 nosset.
870 2526 963 2582 multa
980 2539 1018 2581 ex
1032 2523 1091 2581 lroc
1108 2538 1179 2580 con-

204 2610 389 2677 sequuntum
413 2605 538 2676 primum
552 2606 599 2664 sui
613 2605 756 2676 notitiam,
771 2605 882 2664 deinde
895 2606 933 2663 ad
945 2606 1094 2678 quaedam
1107 2619 1179 2661 oon-

203 2686 320 2745 silium:
342 2688 505 2759 iormosuS,
521 2695 553 2745 ut
569 2688 676 2745 vitaret
692 2687 854 2758 infamiam,
871 2688 1026 2758 deiormiS,
1041 2694 1073 2745 ut
1087 2686 1179 2745 sciret

194 2768 414 2847 redimendum
429 2784 500 2828 esse
513 2769 674 2828 virtutibus
689 2769 834 2842 quicquid
850 2770 971 2843 corpori
984 2770 1119 2837 deesset,
1135 2768 1177 2825 io·
1267 2799 1287 2848 Ι»

202 2851 309 2921 venis,
330 2857 363 2909 ut
383 2849 460 2910 flore
475 2852 581 2911 aetatis
597 2852 811 2910 admoneretur
825 2853 898 2911 illud
913 2860 1033 2927 tempus
1048 2869 1120 2913 esse
1134 2851 1177 2909 di-

204 2933 313 2991 scendi
331 2941 361 2993 et
375 2934 463 2992 lortia
478 2934 627 3005 audendi,
643 2950 755 3006 senex,
771 2943 804 2994 ut
821 2934 966 2996 indecora
983 2938 1067 2995 canis
1083 2936 1177 3008 depo-

202 3022 305 3088 neret,
324 3022 358 3074 ut
379 3016 417 3074 de
437 3024 533 3075 morte
553 3016 667 3089 aliquid
689 3017 851 3090 cogitaret:
874 3019 912 3077 ad
934 3019 993 3078 hoc
1009 3035 1108 3078 rerum
1125 3032 1176 3075 na-

204 3106 272 3156 tura
293 3098 462 3157 facultatem
485 3099 574 3158 nobis
595 3099 678 3158 dedit
698 3100 907 3172 nosmetipsos
927 3101 1061 3158 videndi.
1095 3100 1209 3166 Fons5

202 3180 315 3254 cuique
329 3181 505 3255 perlucidus
521 3188 572 3241 aut
586 3182 672 3238 laeve
689 3197 798 3239 saxum
813 3183 973 3253 imaginem
987 3180 1101 3240 reddit:

571 3280 668 3337 nuper
682 3279 728 3321 me
742 3266 774 3321 in
787 3266 872 3321 litore
885 3264 953 3336 aidi,

367 3361 433 3404 cum
444 3346 598 3418 placidum
612 3349 703 3404 ventis
713 3351 805 3403 staret
818 3361 910 3404 marc.

202 3425 327 3497 Qualem
349 3426 446 3485 luisse
467 3430 578 3486 cultum
600 3434 688 3502 putas
704 3428 744 3484 ad
760 3427 818 3486 hoo
833 3443 868 3485 se
883 3429 1041 3501 speculum
1056 3441 1176 3486 comen·

201 3506 299 3565 tium?
324 3517 408 3569 aetas
428 3510 479 3567 illa
499 3511 665 3583 simplicior
686 3516 715 3567 et
736 3511 866 3569 fortuitis
882 3519 1022 3571 contenta
1042 3510 1177 3570 nondum

202 3591 233 3648 in
256 3589 359 3650 vitium
379 3591 560 3651 beneficium
582 3593 783 3665 detorquebat
803 3609 859 3651 nec
880 3595 1034 3652 inventum
1053 3600 1177 3651 naturae

205 3672 235 3730 in
251 3672 407 3734 libidinem
421 3675 588 3750 luxumque
602 3675 748 3749 rapiebat.
771 3676 870 3735 Primo
886 3676 993 3735 taciem
1009 3692 1096 3735 suam
1116 3676 1176 3735 cui·
1191 3684 1208 3737 6
