2942 4384
325 457 387 522 196
515 488 517 491 <
604 455 638 515 n.
658 452 807 527 ¹murram
828 454 1003 527 sannone

324 613 388 671 sioa
403 616 459 670 est.
484 609 553 680 taIIa
567 608 696 667 eduntur
709 598 854 677 tonitrua,
875 620 943 664 cnm
958 604 1141 679 conglobata
1156 606 1296 669 dissolvi-

323 702 370 755 tur
391 695 488 753 nubes
511 699 541 751 et
561 708 642 761 eum,
667 706 728 763 quo
750 689 882 748 distenta
897 690 1006 761 luerat,
1029 690 1168 763 spiritum
1190 693 1296 751 emisit.

322 777 378 836 IIIo
400 776 523 851 proprie
544 776 675 847 fragor
697 773 816 843 dieitur,
845 772 963 830 subitus
982 779 1011 830 et
1033 772 1216 847 vehemens,
1236 792 1297 848 quo

323 861 404 920 edito
428 859 591 918 oonoidunt
612 856 751 916 homines
772 862 801 913 el
822 856 1046 926 exammantur,
1077 857 1204 929 quidam
1225 874 1296 917 vero

322 944 384 1002 vivi
409 947 532 1015 stupent
556 948 586 999 et
610 940 640 998 in
665 946 762 999 totum
782 938 840 997 sibi
861 936 1020 1008 excidunt,
1048 955 1128 1012 quos
1150 955 1296 1001 vocamus

324 1025 539 1096 adtonitoS,
568 1039 698 1097 quorum
718 1028 835 1079 mentes
859 1036 955 1079 sonus
981 1021 1031 1079 ille
1058 1024 1204 1083 eoelestis
1230 1026 1296 1085 loeo

293 1121 311 1170 4
323 1108 447 1182 pepulit.
485 1107 542 1165 HIo
563 1106 628 1164 llari
650 1106 699 1165 illo
716 1120 840 1178 quoque
862 1104 953 1163 modo
972 1111 1088 1176 potest,
1112 1111 1146 1165 ut
1159 1105 1296 1167 inclusus

322 1198 375 1250 aer
387 1206 462 1249 oava
473 1190 554 1249 nube
566 1196 596 1247 et
606 1196 689 1247 motu
702 1189 770 1262 ipso
783 1193 962 1246 extenuatus
971 1185 1168 1247 diliundalun
1188 1189 1297 1249 delnde

323 1274 395 1333 dum
409 1274 553 1332 malorem
568 1272 625 1331 sibi
643 1275 744 1330 Iooum
760 1268 892 1345 quaerit,
912 1285 930 1327 a
946 1268 1056 1343 quibus
1071 1269 1227 1332 Involutus
1242 1280 1296 1345 est,

324 1374 432 1417 sonum
449 1356 568 1431 patitur.
602 1355 679 1428 Quid
694 1360 815 1413 autem?
842 1369 903 1412 non
919 1354 1174 1426 quemadmodum
1191 1355 1296 1414 inlisae

323 1441 399 1499 inter
421 1456 455 1499 se
475 1456 583 1499 manus
609 1440 748 1511 plausum
771 1437 877 1507 edunt,
906 1435 951 1495 sie
976 1435 1133 1496 milsarum
1158 1436 1238 1498 Inter
1263 1454 1296 1498 se

323 1523 447 1584 nubium
469 1538 565 1583 sonus
590 1529 692 1597 potest
717 1536 788 1580 esse
815 1534 964 1593 magnus,
992 1519 1064 1594 quia
1088 1536 1201 1595 magna
1225 1537 1294 1581 oon-

236 1680 238 1682 ,
324 1612 467 1666 currunt?

235 1757 240 1761 .
295 1695 310 1745 1
384 1688 518 1747 XXVIII.
546 1686 729 1761 „Videmus‚
753 1684 871 1760 inquis,
893 1685 991 1746 nubes
1010 1686 1125 1761 iupingi
1142 1688 1295 1748 montibus

323 1787 380 1830 nee
392 1787 501 1831 sonum
514 1771 609 1830 fieri.“
633 1770 764 1834 Primum
777 1771 910 1829 omnIum
922 1786 982 1829 non
996 1786 1193 1845 quocumque
1204 1771 1294 1831 modo

322 1854 430 1913 inlisae
452 1861 535 1925 sunl,
559 1859 683 1927 sonant,
706 1854 763 1913 sed
780 1853 806 1912 si
822 1860 892 1926 apte
908 1860 979 1913 sunt
993 1854 1173 1926 conpositae
1188 1855 1230 1913 ad
1247 1870 1296 1914 so·

322 1955 393 1997 num
410 1938 576 1997 edendum=
599 1953 725 1996 aversas
739 1936 815 1995 inter
829 1952 983 2012 sexmanus
995 1937 1119 2008 collide,
1135 1953 1198 1997 non
1211 1940 1294 2011 plau-

323 2022 409 2095 dent,
432 2023 488 2080 sed
503 2023 605 2096 palma
619 2036 687 2081 oum
699 2021 800 2095 palma
811 2021 921 2079 collata
933 2021 1071 2094 plausum
1083 2020 1164 2080 lacit.
1188 2028 1219 2081 et
1231 2022 1294 2095 plu-

321 2105 429 2165 rimum
443 2104 569 2163 interest
583 2111 682 2164 utrum
695 2119 789 2163 cavae
801 2104 1011 2162 concutiantur
1022 2120 1059 2162 an
1074 2103 1185 2177 planae
1199 2112 1229 2163 et
1243 2119 1294 2162 ex-

322 2195 432 2248 tentae.
472 2188 589 2247 Deinde
609 2204 671 2247 uon
691 2193 806 2247 tantum
827 2187 870 2244 ire
892 2188 989 2247 nubes
1011 2194 1146 2261 oporiet,
1170 2186 1228 2246 sed
1247 2186 1295 2260 agi

293 2279 432 2344 Imaque
452 2272 481 2328 vi
503 2277 533 2330 et
553 2271 736 2344 procellosa.
776 2268 875 2329 Adice
895 2286 990 2341 nune,
1020 2270 1102 2344 quod
1124 2285 1214 2329 mons
1234 2286 1295 2329 non

322 2354 409 2412 findit
423 2353 549 2424 nubem,
568 2353 625 2411 sed
636 2351 745 2426 digerit
756 2359 786 2411 el
797 2352 922 2426 primam
935 2369 1088 2427 quamque
1100 2361 1217 2427 purtem
1229 2354 1294 2412 eius

323 2437 422 2496 solvit.
444 2452 484 2494 ne
500 2434 603 2495 veslea
618 2436 740 2510 quidem
754 2451 948 2510 quocumque
962 2439 1053 2496 modo
1069 2435 1208 2509 spIritum
1223 2436 1295 2494 emi·

322 2519 375 2589 sit,
406 2526 505 2578 sonat.
526 2519 552 2577 si
574 2520 653 2579 ferro
676 2518 776 2578 divisa
795 2526 856 2592 est,
883 2519 949 2577 siue
973 2519 1035 2579 ullo
1060 2520 1177 2578 aurIum
1200 2534 1296 2579 sensu

322 2603 398 2662 exit:
420 2602 518 2677 rumpi
538 2603 618 2661 illam
639 2610 774 2677 oportet,
796 2610 830 2661 nt
850 2609 959 2676 sonet,
974 2619 1035 2662 non
1056 2602 1165 2662 secari.
1211 2601 1295 2661 Idem

321 2688 361 2746 de
381 2686 512 2746 nubibus
532 2685 617 2746 dieo:
639 2687 698 2746 nisi
718 2687 811 2745 multo
832 2686 939 2758 inpetu
960 2686 1138 2759 dissiluere,
1165 2701 1228 2745 non
1249 2701 1294 2744 re·

321 2778 440 2829 sonunt.
482 2770 580 2829 Adice
600 2785 696 2842 nuno,
719 2770 800 2843 quod
822 2769 920 2828 nubes
941 2770 970 2828 in
986 2777 1117 2829 montem
1132 2776 1220 2829 actae
1235 2784 1295 2827 non

321 2853 508 2925 franguntur,
521 2852 580 2910 sed
591 2852 871 2911 elroumfunduntur
883 2859 912 2911 et
922 2853 951 2911 iu
965 2853 1083 2927 aliquas
1095 2858 1198 2926 partes
1211 2868 1295 2911 mou-

321 2936 374 3006 tis,
397 2936 425 2993 in
441 2934 559 2994 arboris
574 2950 692 3007 ramos,
716 2935 855 3007 irutioeS,
879 2951 992 3010 aspera
1006 2951 1082 2995 saxa
1094 2942 1123 2993 et
1134 2934 1296 2994 eminentie

320 3017 360 3075 ila
381 3018 571 3089 diducuntur,
595 3026 627 3077 ut
641 3018 667 3076 si
689 3033 780 3092 quem
802 3018 916 3077 habent
932 3018 1083 3093 spiritum,
1103 3018 1293 3078 multisonam

291 3100 469 3172 dernittont,
493 3102 544 3174 qui
565 3098 624 3160 nisi
647 3102 807 3161 unIversus
829 3102 973 3177 erumpit,
1001 3118 1061 3162 non
1078 3108 1192 3175 erepat.
1228 3101 1294 3161 Hoo

320 3191 352 3243 ut
367 3185 464 3253 scias,
485 3192 610 3257 ventuS,
633 3186 684 3259 qui
700 3184 782 3243 oIrea
796 3186 934 3244 arborem
947 3186 1079 3259 finditur,
1100 3184 1214 3258 sibilat,
1233 3199 1294 3243 nou

320 3276 413 3328 tonat.
447 3269 523 3340 lato,
550 3275 582 3327 ut
604 3268 644 3328 ita
666 3268 780 3341 dicam,
809 3268 870 3327 inlu
893 3276 923 3327 el
945 3276 1038 3329 totum
1058 3269 1182 3343 globum
1199 3268 1294 3327 semel

320 3352 489 3426 dissipante
510 3368 588 3426 opus
610 3360 671 3427 est,
693 3361 726 3412 ut
741 3351 859 3411 sonitus
875 3360 1027 3427 erumpat,
1049 3352 1148 3428 qualis
1163 3350 1293 3421 auditur,

320 3441 497 3495 cumtonal.

348 3570 351 3573 ,
381 3518 485 3577 ΧΧΙΧ.
512 3516 634 3576 Praeter
654 3516 731 3576 haee
753 3526 859 3577 natura
879 3525 968 3593 aptus
988 3525 1036 3579 est
1057 3534 1110 3579 aer
1130 3518 1293 3578 advoces.

320 3601 445 3673 quidnir
473 3617 541 3661 eum
561 3616 622 3659 vox
641 3599 714 3659 nihil
737 3602 818 3661 uliud
838 3602 878 3661 sit
892 3618 982 3675 quam
996 3602 1074 3662 ictus
1089 3618 1151 3661 aer.
1180 3601 1294 3661 debent

320 3696 392 3758 ergo
414 3684 511 3746 nubes
533 3683 683 3761 utrimque
703 3684 798 3747 Inseri
820 3693 850 3747 et
870 3700 964 3747 cavae
979 3694 1009 3748 et
1026 3684 1170 3748 intentae.
1204 3684 1293 3745 vides
