2942 4384
274 454 335 517 160
506 474 510 482 ·
560 452 593 513 L.
615 453 761 513 ANNAEI
783 453 957 514 SENECAE

273 609 453 685 dispositius
475 623 532 667 nec
553 607 582 666 in
600 605 760 682 proposito
777 607 983 680 constantius,
1002 603 1181 665 existiment
1196 607 1247 667 tro·

273 695 369 753 mines
390 693 542 752 fortuitum
565 698 594 750 et
618 706 693 750 casu
714 690 846 749 volubile
871 690 1004 763 ideoque
1028 689 1248 749 tumultuosum

184 771 188 778 ’
273 779 350 837 inter
364 776 503 847 fulmina,
524 774 637 847 nubes,
659 780 855 846 tempestates
871 780 900 831 et
917 780 1033 845 cetera,
1056 771 1171 846 quibus
1191 782 1247 833 ter·

233 868 326 921 15rae
341 877 376 919 ac
392 859 480 918 terris
497 858 593 915 vicina
605 859 772 930 pulsantur.
808 856 871 914 Ncc
881 856 958 915 baec
969 860 1046 915 intra
1057 857 1184 930 volgum
1197 858 1247 915 de·

274 945 385 1003 mentia
406 950 468 1015 est,
491 941 546 999 sed
568 939 748 1013 sapientiam
770 955 895 1013 quoque
913 940 1073 1013 professos
1090 938 1247 1014 contingit.

275 1034 345 1086 sunt
366 1024 417 1099 qui
441 1030 544 1098 putent
566 1022 646 1095 [sibi]
666 1023 742 1096 ipsis
759 1023 890 1081 animum
907 1038 978 1081 esse
992 1030 1022 1082 et
1037 1022 1161 1095 quidem
1179 1040 1246 1097 pro·

274 1111 391 1181 vidum,
420 1108 478 1184 [aa]
500 1105 728 1181 dispensantem
749 1106 868 1179 singula
882 1114 912 1165 et
933 1112 1034 1165 suaet
1048 1106 1163 1164 alienae
1190 1105 1247 1163 boc

275 1200 373 1253 autem
398 1191 586 1262 uuiversum,
614 1190 726 1263 inquo
751 1204 808 1247 nos
831 1204 954 1262 quoque
981 1204 1109 1261 summ,
1135 1204 1247 1263 expers

275 1281 368 1348 [csse]
387 1274 504 1334 consilii
521 1275 571 1349 [et]
588 1279 640 1331 aut
657 1272 726 1330 ferri
742 1271 907 1332 temeritate
922 1273 1054 1345 quadam
1071 1280 1125 1332 aut
1141 1282 1248 1331 natura

189 1415 192 1430 ,
234 1360 429 1426 ¹16nesoiente
453 1356 526 1431 quid
548 1356 645 1415 iaciat.
688 1355 796 1428 Quanti
819 1356 961 1414 aestimas
983 1356 1041 1413 ista
1058 1370 1247 1428 cognoscere

276 1449 306 1501 et
324 1442 416 1501 rebus
439 1440 582 1499 terminos
604 1444 739 1513 ponere?
762 1447 906 1512 quantum
925 1439 1001 1497 deus
1018 1439 1133 1512 possit,
1156 1446 1245 1498 mate·

275 1525 349 1584 riam
363 1524 431 1599 ipse
449 1524 505 1581 sibi
521 1524 630 1581 formet
644 1538 681 1579 an
698 1523 768 1581 data
784 1528 892 1594 utatur,
910 1530 1008 1581 utrum
1020 1528 1088 1581 utro
1102 1523 1140 1580 sit
1152 1523 1246 1596 prius,

274 1610 417 1666 materiae
429 1604 639 1680 supervenerit
652 1604 728 1664 ratio
743 1622 779 1663 aa
796 1607 920 1665 arateria
934 1605 1056 1679 rationi,
1072 1606 1152 1665 deus
1166 1606 1246 1679 quic·

277 1691 350 1764 quid
376 1692 439 1749 vuit
460 1688 571 1747 efficiat
591 1704 630 1746 an
650 1688 752 1747 multis
772 1688 864 1748 rebus
886 1690 967 1747 ilium
982 1689 1140 1747 tractanda
1157 1689 1246 1748 desti·

275 1781 360 1832 tuant
374 1780 403 1830 et
417 1787 435 1830 a
450 1786 559 1843 magno
572 1770 685 1830 artifice
699 1787 792 1845 prave
807 1774 898 1831 muita
913 1772 1087 1843 formentur,
1103 1789 1166 1831 aon
1180 1773 1247 1847 quia

276 1863 377 1914 cessat
391 1870 455 1927 ars,
479 1854 535 1912 sed
551 1853 623 1926 quia
638 1854 681 1923 id,
705 1854 734 1912 in
751 1872 811 1928 quo
827 1848 999 1929 exercetur,
1018 1870 1114 1929 saepe
1126 1856 1245 1915 inobse-

235 1950 374 2013 17quens
390 1937 445 1997 arti
461 1944 529 1997 est?
564 1937 646 1995 Haec
661 1936 829 2011 inspicere,
849 1941 925 1997 haec
940 1939 1074 2009 discere,
1099 1938 1148 1997 his
1166 1939 1245 1997 incu-

275 2022 349 2082 bare
363 2037 464 2081 nonne
480 2021 646 2079 transsilire
662 2026 709 2079 est
728 2020 937 2080 mortalitatem
953 2038 1037 2089 suam
1054 2028 1082 2080 et
1097 2020 1128 2080 in
1145 2022 1244 2102 ructio-

276 2122 338 2165 rem
360 2104 536 2166 transscribi
556 2110 690 2162 sortem?
721 2103 819 2176 „Quid
834 2105 901 2174 tibi,
925 2105 1042 2178 inquis,
1062 2105 1122 2163 ista
1137 2106 1248 2180 prode

276 2194 391 2248 r·uut?“
433 2188 465 2247 Si
486 2188 559 2246 nihil
579 2187 675 2257 aliud,
699 2186 757 2246 boc
779 2195 860 2246 certe
882 2187 976 2247 sciam
995 2187 1097 2247 omnia
1117 2196 1245 2263 angusta

278 2289 349 2333 esse
364 2287 488 2330 mensus
505 2271 604 2329 deum.
644 2269 718 2345 [Sed
734 2271 809 2329 haee
824 2269 956 2343 deinde]

250 2361 262 2410 1
339 2355 361 2411 1.
389 2355 473 2412 Nunc
492 2354 529 2412 ad
547 2352 739 2427 propositum
753 2354 873 2412 veniam
889 2371 978 2428 opus.
1017 2354 1133 2427 Audi,
1158 2352 1245 2428 quid

278 2439 322 2496 de
354 2437 509 2511 ignibus
544 2435 726 2508 sentiam,
760 2453 857 2510 quos
894 2454 959 2497 aer
993 2445 1244 2498 transversos

277 2520 363 2596 agit.
397 2520 509 2594 Magoa
523 2520 590 2580 illos
604 2517 635 2578 vi
649 2520 750 2579 excuti
765 2529 970 2593 argumentum
987 2528 1049 2592 est,
1073 2521 1159 2595 quod
1175 2520 1245 2580 obti-

278 2604 331 2680 qui
343 2606 478 2664 teruntur
490 2609 518 2663 et
530 2603 712 2679 praerapida
724 2604 885 2662 celeritate.
902 2606 1028 2679 adparet
1040 2605 1109 2664 itios
1122 2621 1184 2664 nou
1197 2605 1246 2676 ire,

250 2689 333 2750 ised
350 2688 454 2763 proici.
490 2687 606 2763 Iguium
618 2688 728 2746 multae
740 2686 906 2761 variaeque
918 2688 1012 2747 iacies
1025 2696 1104 2748 sunt.
1129 2688 1245 2747 Aristo·

275 2775 352 2832 tetes
369 2771 523 2845 quoddam
540 2787 638 2845 genus
655 2769 774 2829 illorum
797 2786 947 2845 capram
968 2780 1068 2831 vacat.
1098 2772 1125 2830 si
1140 2787 1191 2830 me
1205 2771 1246 2830 in·-

276 2852 480 2932 terrogaveris
502 2860 618 2927 queret
646 2854 729 2925 prior
748 2854 820 2911 mihi
836 2855 981 2914 rationem
999 2855 1112 2913 reddas
1128 2862 1247 2928 oportet

278 2951 373 3010 quare
395 2944 425 2995 ct
445 2935 560 2994 hoedi
582 2943 737 2995 vocentur.
771 2938 932 3010 aientem,
960 2939 1042 3011 arrad
1064 2939 1246 2997 commodis-

278 3018 387 3079 simum
408 3024 469 3088 cst,
493 3021 667 3078 convenerit
684 3018 761 3077 inter
775 3036 853 3093 oos,·
872 3037 910 3079 nc
925 3023 1001 3082 alter
1016 3024 1141 3081 alterum
1159 3024 1247 3100 inter·

276 3108 379 3176 roget,
395 3102 543 3178 quidquid
556 3103 628 3162 dicit
641 3103 722 3162 illum
738 3104 928 3179 respondere
943 3122 1003 3165 non
1020 3112 1129 3179 posse,
1153 3103 1246 3165 satius

277 3186 334 3247 erit
350 3187 388 3244 de
404 3202 438 3245 re
452 3186 520 3260 ipsa
532 3202 679 3261 quaerere
693 3203 784 3260 quarn
799 3186 915 3260 mirari,
931 3190 1002 3262 quid
1017 3190 1056 3247 ita
1067 3187 1247 3249 Aristoteles

277 3271 400 3345 globum
414 3270 491 3344 ignis
506 3269 705 3345 adpeltaverit
724 3285 885 3344 capram.
909 3271 977 3331 talis
994 3272 1072 3329 euim
1088 3272 1143 3331 tuit
1154 3272 1248 3331 torma

278 3355 359 3426 eius,
384 3354 435 3427 qui
456 3354 568 3412 betium
589 3354 740 3413 adversus
761 3353 874 3413 Persen
895 3353 988 3414 Pauio
1010 3362 1134 3429 gerente
1153 3352 1255 3414 iuuari

248 3436 483 3511 duraguitudiue
494 3437 643 3510 adparuit.
682 3437 834 3509 [Vidimus
847 3442 972 3511 quoque
986 3454 1046 3497 non
1057 3438 1151 3497 semei
1165 3437 1248 3497 ilam-

277 3537 356 3580 mam
370 3520 500 3593 ingentis
517 3519 595 3592 pitae
611 3521 729 3594 specie,
753 3536 831 3596 quae
845 3528 945 3580 tamen
961 3522 990 3579 in
1007 3521 1182 3596 ipsocursu
1193 3535 1248 3580 suo

278 3602 426 3677 dissipata
448 3608 515 3674 est]
549 3603 689 3661 Vidimus
712 3602 792 3663 circu
807 3602 869 3662 divi
884 3605 1012 3677 Augusti
1030 3620 1195 3665 excessum
1211 3604 1249 3663 si-

266 3684 347 3744 mite
371 3686 551 3761 prodigium.
589 3686 719 3747 vidimus
741 3702 777 3748 eo
802 3693 954 3764 tempore,
983 3706 1044 3765 quo
1070 3689 1109 3750 de
1137 3687 1250 3749 Seiano
