2942 4384
312 460 390 526 aod
604 461 638 522 L.
660 460 808 522 ANNAEI
827 460 1002 522 SENECAE

319 611 518 689 temptatio,
547 612 658 688 quibus
685 613 829 672 tolluntur
850 609 985 686 priorum
1005 611 1161 672 fulminum
1182 610 1295 688 minae,

318 698 528 770 adtestata,
551 712 630 771 quae
646 695 798 769 prioribus
814 696 1019 768 consentiunt,
1042 697 1293 771 adterranen‚

319 796 399 854 quae
415 780 445 838 in
461 782 547 838 cluso
564 780 652 849 fiunt,
674 779 827 850 obruta,
848 778 958 850 quibus
974 779 1033 837 iam
1046 794 1197 851 percussa
1208 782 1294 855 prius

318 878 376 922 nec
397 869 559 937 procurata
581 860 741 933 leniuntur,
762 862 925 934 regalia,
948 878 1016 920 cum
1034 862 1141 934 sorum
1161 865 1294 937 tangitur

319 948 367 1003 vel
386 946 537 1004 comitium
560 952 611 1004 aut
629 944 808 1019 principalia
823 944 907 1020 urbis
923 945 1036 1003 liberae
1056 947 1140 1017 loca,
1162 963 1292 1020 quorum

290 1027 500 1101 bsignilicatio
525 1023 651 1101 regnum
679 1026 791 1086 civitati
816 1027 959 1099 minatur,
989 1028 1155 1101 interna,
1185 1044 1293 1089 cume

318 1119 397 1170 terra
409 1110 540 1170 exsilivit
553 1111 646 1184 ignis,
665 1109 997 1184 hospitalia,.quae
1011 1110 1170 1170 sacrificiis
1183 1114 1224 1171 ad
1236 1128 1292 1171 nos

318 1194 421 1253 lovem
441 1200 602 1253 accersunt
622 1199 664 1267 et,
687 1202 720 1253 ut
735 1194 830 1251 verbo
848 1209 953 1252 corum
969 1194 1097 1253 molliori
1113 1203 1195 1265 utar,
1218 1194 1291 1254 invi·

251 1314 255 1321 -
318 1283 391 1337 tant.
428 1277 484 1337 scd
509 1293 570 1336 non
596 1285 805 1336 arcesseretur
828 1274 961 1335 invitus=
988 1293 1069 1336 nunc
1092 1277 1198 1336 venire
1223 1294 1291 1336 eum

240 1356 259 1410 ζ
317 1374 429 1433 magno
455 1360 661 1423 insultantium
677 1359 824 1433 ,periculo
850 1360 1020 1419 adfirmant.
1062 1361 1290 1435 auxiliaria,

318 1458 397 1518 quac
412 1439 566 1516 invocata,
590 1444 651 1501 sed
662 1443 875 1502 advocantium
890 1443 973 1501 bono
990 1442 1123 1502 veniunt.

291 1538 305 1588 1
378 1526 411 1585 L.
442 1525 588 1597 Quanto
609 1525 826 1597 simplicior
848 1524 994 1584 divisio
1017 1534 1089 1598 est,
1113 1542 1188 1599 qua
1210 1534 1289 1586 ute-

316 1608 428 1668 batur
450 1609 605 1667 Attalus
625 1613 772 1680 noster,
797 1609 843 1667 vir
857 1608 1289 1682 egregius,‘quiEtruscorum

317 1691 507 1765 disciplinam
529 1692 645 1749 Graeca
665 1691 829 1750 subtilitate
849 1691 1028 1751 miscuerat:
1055 1708 1094 1751 cx
1115 1692 1290 1752 fulminibus

318 1775 468 1847 quaedam
490 1781 573 1845 sunt,
605 1788 683 1847 quae
704 1774 877 1847 significant
898 1775 944 1846 id,
975 1776 1058 1849 quod
1078 1774 1118 1833 ad
1138 1790 1197 1834 nos
1223 1791 1289 1849 per·

316 1856 403 1929 tinet,
426 1857 576 1939 quaedam
598 1864 699 1917 autem
719 1858 792 1915 nihil
814 1857 986 1931 significant
1005 1865 1056 1919 aut
1073 1858 1119 1929 id,
1142 1859 1231 1917 cuius
1247 1860 1290 1916 in·

287 1940 454 2000 itellectus
475 1940 516 1999 ad
535 1956 592 2000 nos
613 1956 674 1999 non
690 1942 828 2015 pertinet.
865 1940 911 1998 Ex
926 1940 990 2014 his,
1014 1956 1092 2016 quae
1108 1940 1289 2015 significant,

317 2024 468 2097 quaedam
483 2034 554 2083 sunt
567 2026 661 2094 laeta,
679 2025 828 2098 quaedam
841 2024 988 2097 adversa,
1007 2025 1163 2101 [quaedum
1174 2028 1290 2096 iniciat

317 2107 467 2181 quaedam
487 2122 545 2166 nec
565 2107 696 2166 adversa
719 2123 778 2166 nec
798 2108 885 2165 laeta.
922 2107 1131 2166 adversorum
1146 2106 1206 2166 hae
1221 2114 1292 2167 sunt

216 2208 219 2215 ’
316 2190 458 2263 species:
487 2196 538 2248 ant
559 2190 743 2270 inevitabilia
763 2191 841 2248 mala
864 2191 1048 2263 portendunt
1067 2196 1119 2248 aut
1139 2190 1292 2249 evitabilia

316 2280 367 2331 aut
389 2288 467 2346 quae
486 2274 579 2331 minui
601 2281 731 2346 possunt
751 2279 802 2331 ant
824 2288 904 2345 quae
926 2271 1093 2347 prorogari.
1129 2272 1223 2332 Laeta
1240 2281 1292 2333 aut

286 2360 459 2414 3mansura
474 2355 646 2429 significant
660 2363 710 2414 aut
722 2356 847 2414 caduca.
882 2355 978 2415 Mixta
989 2365 1040 2416 aut
1051 2365 1167 2430 partem
1179 2356 1292 2416 liabent

314 2438 400 2507 boni,
419 2445 535 2512 partem
550 2438 618 2497 mali
628 2446 684 2527 put
699 2439 819 2497 malain
836 2438 965 2513 bonnm,
981 2447 1032 2499 aut
1045 2439 1127 2498 bona
1137 2433 1166 2497 in
1179 2442 1290 2498 malum

314 2528 444 2580 vertunt.
472 2522 534 2580 Nec
550 2522 681 2581 adversa
694 2538 752 2581 nec
766 2524 845 2581 laeta
859 2531 938 2595 sunt,
961 2539 1041 2597 quae
1055 2522 1186 2595 aliquam
1201 2523 1290 2581 nobis

315 2605 464 2665 actionem
485 2605 673 2679 significant,
705 2622 766 2680 qua
784 2620 842 2663 nec
863 2607 969 2665 terreri
990 2622 1047 2665 nec
1069 2605 1174 2665 lactari
1196 2606 1289 2665 debe-

315 2705 398 2763 mus,
427 2697 460 2749 ut
481 2689 769 2763 peregrinationem,
798 2687 828 2746 in
850 2704 912 2763 qua
932 2704 989 2748 nec
1010 2695 1107 2748 metus
1124 2689 1290 2763 quicquam

314 2787 371 2832 nec
387 2773 453 2846 spei
469 2774 516 2832 sit.

376 2856 422 2913 Ll.
450 2856 598 2914 Revertor
613 2856 651 2914 ad
667 2870 703 2914 ea
721 2855 859 2929 fulmina,
884 2871 964 2929 quae
979 2854 1152 2929 significant
1167 2855 1289 2929 quidem

264 2975 266 2980 ι
315 2937 444 3011 aliquid,
466 2930 521 2996 sed
537 2939 620 3012 quod
635 2938 673 2996 ad
689 2954 747 2997 nos
763 2954 822 2997 non
839 2938 1003 3013 pertineat,
1023 2946 1177 3012 tamquam
1191 2939 1289 2998 u'trum

314 3020 423 3080 codem
445 3036 525 3080 anno
546 3021 626 3080 idem
649 3019 762 3079 homini
784 3022 915 3081 iuturmn
938 3020 1048 3081 tulmen
1071 3023 1153 3095 quod
1177 3024 1289 3081 lactum

314 3102 363 3164 sit.
400 3103 478 3163 Nihil
494 3104 666 3179 significant
682 3104 806 3163 fulmina
820 3113 872 3165 aut
887 3106 933 3176 id,
957 3106 1044 3164 cuius
1060 3104 1165 3164 notitia
1176 3120 1235 3164 nos
1246 3106 1288 3164 et-

314 3188 403 3261 fugit,
424 3188 535 3259 utilia,
560 3204 639 3262 quac
653 3189 682 3247 in
698 3195 818 3247 vastum
836 3204 917 3247 mare
933 3196 1117 3261 sparguntur
1129 3195 1180 3247 aut
1195 3187 1225 3246 in
1238 3189 1288 3247 de·

314 3280 411 3331 sertas
428 3270 624 3344 solitudines,
648 3286 778 3347 quorum
794 3272 974 3345 significatio
988 3273 1070 3329 nulla
1083 3279 1131 3331 est
1141 3273 1189 3330 vel
1203 3271 1288 3345 perit.

287 3367 300 3419 1
374 3355 433 3413 Lll.
466 3355 593 3414 Pauca
618 3356 742 3414 adbuc
767 3355 933 3413 adiciam
960 3354 1006 3414 ad
1033 3356 1303 3427 enarrandam,

314 3436 387 3496 vim
417 3438 728 3513 lutminiS„quae
756 3455 828 3499 non
857 3438 988 3497 codem
1009 3438 1120 3499 modo
1146 3454 1288 3498 omnem

313 3522 511 3581 materiam
535 3528 659 3581 vexat.
697 3523 890 3594 valentiora,
913 3522 985 3594 quia
1010 3518 1171 3596 resistunt,
1199 3521 1288 3580 vehe-

314 3605 443 3664 mentius
470 3605 616 3679 dissipat‚
650 3606 791 3665 cedentia
819 3621 1048 3679 nonnumquam
1082 3605 1149 3664 sinc
1180 3605 1289 3665 iniuria

313 3687 429 3748 transit
450 3705 519 3749 cum
531 3688 633 3763 lapide
644 3690 788 3764 lerroque
802 3697 832 3750 et
842 3688 1015 3749 durissimis
1028 3687 1204 3766 quibusque
1216 3705 1287 3749 con·
