2942 4384
317 439 380 504 214
596 441 637 499 'L.
658 439 804 499 ἈΝΝΑΕΙ
826 437 1001 500 SENECAE

314 591 439 650 muisse·
468 589 705 648 Innumerabiles
722 595 809 661 sunt,
826 589 877 663 qui
893 590 1041 663 populos
1060 589 1113 664 qui
1127 588 1221 649 urbes
1235 588 1288 649 ha·

274 677 442 740 mouerunt
457 672 486 731 in
504 679 673 746 potestate,
691 672 883 745 paucissimi,
902 672 1012 745 quise.
1041 673 1119 745 Quid
1134 680 1183 731 est
1201 689 1287 746 prac-

316 759 458 831 cipuumt
479 756 595 829 erigere
610 756 741 813 animum
757 772 852 829 supra
872 756 969 814 minas
984 762 1014 814 ει
1028 758 1181 830 promissa
1195 758 1288 815 sortu-

283 847 285 852 '
314 858 387 913 nae,
403 839 474 898 nihil
488 840 611 911 dignum
624 838 702 923 illam¹
718 838 832 896 habere
848 846 967 912 putare,
981 840 1063 912 quod
1076 856 1202 912 speres:
1216 839 1289 913 quid

315 926 394 997 enim
410 924 502 981 hebet
517 921 655 994 dignum,
673 922 756 995 quod
773 922 999 995 concupiscas?
1014 921 1066 994 qui
1080 938 1099 981 a
1116 922 1287 981 divinorum

316 1005 550 1065 conversatione
573 1005 713 1079 quotiens
734 1006 773 1063 ad
796 1005 927 1062 humana
942 1005 1102 1077 cecideris,
1126 1021 1187 1064 non
1204 1007 1289 1063 aliter

315 1090 460 1162 caligabis
477 1104 567 1161 quam
581 1105 709 1161 quorum
727 1089 806 1147 ocull
822 1089 850 1144 in
865 1090 991 1160 densam
1005 1087 1140 1147 umbram
1154 1104 1194 1146 ex
1205 1088 1289 1147 claro

274 1173 380 1230 12sole
401 1171 564 1229 redierunt.
588 1170 664 1244 Quid
681 1178 727 1229 est
747 1171 966 1244 praecipuum?
980 1187 1076 1245 posse
1091 1172 1171 1230 laeto
1186 1171 1287 1230 animo

317 1256 449 1313 adversa
473 1256 613 1312 tolerare.
653 1254 800 1327 quicquid
821 1253 980 1326 acciderit,
1007 1254 1052 1312 sic
1077 1255 1172 1325 serre,
1199 1254 1289 1327 quasi

318 1336 449 1397 volueris
471 1337 521 1395 tibi
546 1337 695 1395 accidere.
722 1336 885 1395 debuisses
911 1338 989 1394 enim
1013 1339 1104 1407 velle,
1128 1336 1154 1394 si
1172 1337 1289 1396 scisses

317 1423 418 1480 omnia
439 1435 478 1477 ex
493 1420 615 1478 decreto
637 1419 685 1477 dei
706 1420 787 1477 fieri:
816 1418 905 1493 llere,
927 1418 1028 1492 queri,
1053 1434 1176 1493 gemere
1190 1418 1290 1478 desci-

261 1512 402 1564 ἱ13εεειέ
424 1509 480 1561 εει.
509 1502 585 1575 Quid
607 1508 654 1561 εει
671 1503 893 1577 praecipuum?
914 1503 1031 1561 animus
1048 1510 1153 1561 contra
1168 1503 1290 1563 calami-

317 1595 394 1645 tates
410 1587 496 1645 tortis
518 1593 547 1645 et
568 1592 745 1657 contumax,
766 1586 905 1644 luxuriae
922 1603 984 1645 non
999 1586 1148 1644 adversus
1164 1593 1287 1656 tentum,

318 1671 374 1728 sed
390 1669 518 1726 infestus
535 1684 591 1726 uec
606 1668 713 1725 avidus
731 1669 857 1741 periculi
873 1684 929 1727 nec
945 1671 1051 1741 fugax,
1067 1670 1119 1742 qui
1137 1669 1216 1727 sciat
1231 1671 1289 1727 lor-

318 1762 420 1812 tunam
437 1765 496 1809 non
516 1757 697 1823 exspectare
712 1752 767 1809 sed
784 1754 900 1823 lacere,
923 1758 953 1810 et
967 1753 1117 1811 adversus
1131 1760 1290 1826 utramque

318 1834 486 1906 intrepidus
502 1834 745 1907 inconfususque
761 1835 897 1907 prodire,
920 1850 976 1893 nec
996 1835 1076 1894 illius
1090 1837 1219 1894 tumultu
1235 1850 1291 1892 nec

278 1918 406 1979 llhuius
423 1917 540 1990 fulgore
555 1932 733 1991 percussus
756 1918 832 1989 Quid
854 1924 901 1976 est
916 1918 1134 1992 praecipuumr
1157 1934 1219 1977 non
1239 1918 1290 1976 ad-

318 2001 434 2059 mittere
455 2001 484 2058 in
506 2000 606 2071 animo
623 2001 700 2058 mala
716 1999 857 2073 consilia,
885 2018 977 2074 puras
996 2002 1033 2059 ad
1049 2003 1289 2061 coelummanus

319 2086 479 2157 extollere,
500 2085 615 2142 nullum
630 2083 745 2141 bonum
761 2090 878 2156 petere,
902 2085 985 2157 quod
1001 2092 1032 2144 ut
1046 2085 1085 2143 ad
1102 2092 1129 2143 ιε
1145 2090 1289 2155 transeat,
1305 2088 1307 2090 ’

320 2166 428 2241 aliquis
451 2167 524 2225 dare
544 2167 648 2238 debet,
671 2167 780 2239 aliquis
802 2166 952 2241 amittere,
975 2175 1093 2241 optare,
1118 2168 1202 2242 quod
1225 2168 1290 2225 sine

320 2252 497 2308 adversario
513 2257 648 2322 optatur,
665 2249 775 2308 bonam
792 2257 936 2308 mentem=
959 2259 1058 2309 cetera
1073 2266 1182 2323 magno
1200 2250 1288 2308 aesti-

319 2342 400 2391 mata
420 2332 612 2403 mortallhuS,
638 2332 756 2390 etiamsi
783 2333 851 2406 quis
878 2333 1001 2392 domum
1028 2349 1119 2392 casus
1141 2333 1289 2404 adtulerit,

281 2420 310 2471 15
320 2416 364 2473 sic
379 2414 501 2485 intueri,
525 2414 613 2487 quasi
629 2415 762 2488 exitura,
779 2432 840 2487 qua
857 2425 1013 2487 venerunt·
1046 2416 1121 2489 Quid
1139 2423 1187 2475 εει
1204 2411 1289 2489 prae-

305 2499 463 2571 cipuum?
484 2499 562 2556 altos
575 2513 669 2570 supra
685 2499 807 2557 fortuita
818 2499 942 2572 spiritus
955 2501 1068 2570 tollere,
1084 2499 1215 2558 hominis
1230 2515 1289 2557 me-

320 2582 454 2654 minisse,
467 2587 507 2651 ut,
521 2582 586 2639 sive
601 2580 670 2638 lelix
682 2582 753 2651 eris,
767 2582 848 2640 scias
861 2583 919 2640 hoc
932 2600 992 2641 non
1004 2583 1133 2642 futurum
1145 2582 1207 2656 diu,
1225 2583 1289 2640 sive

279 2665 437 2736 16inlelix,
450 2667 530 2723 scias
543 2672 572 2723 ιε
583 2664 642 2722 hoc
655 2680 714 2722 uon
727 2679 814 2736 esse,
828 2665 854 2723 s'i
866 2682 926 2724 non
940 2673 1039 2739 putes.
1055 2666 1132 2738 Quid
1141 2672 1192 2725 est
1204 2680 1287 2739 prae

321 2748 463 2821 eipuuma
492 2746 521 2806 in
541 2747 644 2821 primis
660 2748 753 2805 labris
769 2748 899 2806 animam
914 2749 1036 2807 habere.
1061 2750 1145 2807 Haec
1158 2765 1210 2808 res
1226 2748 1289 2806 elli-

228 2891 232 2897 ,
321 2832 360 2889 cit
380 2846 440 2888 non
457 2846 474 2887 e
489 2829 554 2888 iure
570 2830 725 2901 Quiritium
741 2830 881 2902 liberum,
901 2832 956 2890 sed
975 2833 1071 2890 eiure
1093 2838 1228 2890 naturae.
1257 2831 1289 2888 li·

320 2914 375 2971 ber
391 2920 489 2971 autem
505 2919 565 2983 est,
582 2913 633 2986 qui
652 2913 825 2971 servitutem
841 2930 927 2972 suam
942 2914 1055 2988 effugit.
1082 2914 1158 2973 haec
1176 2922 1224 2973 εει
1236 2914 1284 2971 ad-

321 2996 411 3054 sidua
431 3002 461 3051 et
475 2994 674 3053 ineluctabilis
698 3001 727 3053 ει
743 3011 797 3068 per
813 2998 890 3054 diem
907 3006 938 3056 et
954 3013 1009 3071 per
1023 3005 1141 3057 noctem
1156 2997 1289 3071 aequali-

279 3087 364 3143 liter
376 3092 531 3152 premens,
552 3078 617 3135 sine
632 3078 803 3150 intervall0,
822 3082 887 3138 sine
900 3088 1076 3140 commeatu.
1100 3080 1163 3139 Sibi
1176 3082 1290 3138 servire

228 3176 229 3179 ’
321 3160 500 3237 gravissima
513 3168 561 3220 est
576 3162 720 3220 servitus:
744 3179 834 3235 quam
851 3164 1003 3222 discutere
1019 3164 1105 3223 lacile
1122 3171 1182 3236 est,
1198 3164 1224 3222 si
1239 3164 1290 3221 de

276 3239 281 3246 ’
322 3245 410 3305 sieris
425 3245 519 3304 multa
534 3252 563 3303 te
578 3260 721 3318 poscere,
738 3246 764 3304 si
780 3245 971 3305 desieristibi
985 3248 1098 3305 reterre
1111 3248 1290 3318 mercedem,

323 3332 348 3388 si
364 3336 433 3387 ante
446 3330 553 3388 oculos
569 3335 598 3387 et
614 3335 750 3387 naturam
767 3335 847 3387 tuam
863 3335 892 3388 et
906 3336 1034 3388 aetatem
1051 3330 1206 3403 posueris
1222 3330 1292 3388 licet

323 3411 421 3486 prima
441 3412 493 3483 sit,
515 3425 550 3469 ac
575 3411 625 3475 tibi
648 3412 716 3484 ipse
740 3412 869 3471 dixeris:
896 3412 969 3484 quid
986 3412 1127 3471 insanio?
1150 3413 1221 3485 quid
1238 3427 1291 3470 an·

322 3496 413 3553 heloi
434 3494 507 3568 quid
530 3494 630 3552 sudo?
651 3493 725 3565 quid
748 3501 872 3568 terram,
897 3495 969 3567 quid
987 3496 1085 3554 lorum
1099 3501 1212 3555 versui
1233 3510 1292 3554 nec

281 3580 414 3637 18multo
428 3594 506 3651 opus
525 3584 571 3636 εει
586 3591 642 3634 nec
657 3576 718 3634 diu.
740 3577 790 3634 Ad
808 3578 866 3637 hoc
881 3577 971 3637 nobis
988 3578 1124 3655 proderit
1137 3578 1291 3652 inspicere

323 3676 422 3718 rerum
447 3668 598 3719 naturam=
625 3660 721 3733 primo
744 3661 938 3721 dIscedemus
960 3677 978 3720 a
999 3662 1143 3723 sordidis.
1178 3660 1291 3721 deinde
