2942 4384
373 451 425 514 nu
446 448 830 517 ruuurronsnruvu.
851 459 984 516 sr-sr.
1106 449 1166 514 153
1228 401 1232 410 ¹

192 624 258 672 sce.
294 606 450 668 Meliorem
471 605 553 665 ilium
569 604 663 663 iacies
681 604 822 676 serendo,
843 605 949 679 utique
965 601 1098 679 peiorem
1114 621 1167 664 ex·

194 690 382 767 probraudo.
411 705 473 748 non
490 695 538 748 est
553 688 636 762 quod
652 689 779 747 frontem
794 688 860 747 eius
876 688 1016 746 indures:
1038 689 1119 759 sine,
1142 689 1169 748 si

195 775 271 850 quid
286 782 334 833 est
346 772 471 848 pudoris
481 771 612 851 residui,
628 778 739 831 servet.
774 770 874 846 Saepe
889 770 1010 829 dubiam
1023 786 1169 829 verecun-

195 859 278 918 diam
297 872 361 916 vnx
383 854 581 916 conviciantis
604 854 714 914 clarior
728 854 817 928 rupit.
846 869 935 913 nemo
950 854 981 914 id
997 869 1069 914 esse
1086 854 1170 928 quod

195 942 256 1000 iam
272 940 391 998 videtur
408 940 497 1017 timett
519 938 673 1012 deprenso
691 937 792 1011 pudor
806 935 956 997 emittitur.

258 1022 363 1082 XXIX,
385 1020 506 1080 Perdidi
521 1020 712 1079 heneficium.
748 1019 902 1094 Numquid
914 1035 993 1094 quae
1008 1034 1168 1080 consecra·
1183 1025 1196 1075 1

194 1108 312 1178 vimus,
334 1105 506 1181 perdidisse
529 1120 585 1163 nos
609 1103 758 1162 dicimus?
784 1104 860 1161 inter
881 1109 1060 1162 consecrata
1078 1104 1170 1164 bene·

195 1189 300 1265 ficium
315 1196 375 1263 θεῖ,
398 1186 516 1246 etiamsi
529 1188 608 1245 maie
622 1187 796 1260 respondit,
814 1186 894 1245 bene
911 1188 1071 1245 conlatum.
1102 1187 1170 1247 Non

196 1280 245 1332 est
265 1270 329 1344 iiie,
353 1272 471 1345 qualern
490 1269 696 1343 speravimus:
719 1270 814 1328 simus
830 1286 903 1341 uos,
923 1271 1029 1342 quales
1047 1268 1169 1344 inimuS,

196 1357 225 1415 ei
238 1354 412 1415 dissimiles.
436 1354 578 1412 damnum
590 1368 649 1410 nou
661 1370 741 1411 nunc
753 1354 878 1432 scotoma
900 1351 1049 1425 adparuit.
1071 1353 1170 1424 ingra-

196 1448 247 1499 tus
262 1453 324 1497 uon
340 1437 406 1497 sine
421 1445 526 1496 nostro
543 1436 660 1510 pudore
676 1435 867 1509 protrahitur,
888 1435 1031 1507 quoniam
1048 1435 1170 1509 quidem

196 1522 324 1597 querela
340 1521 444 1580 amissi
458 1520 597 1578 beneficii
613 1536 673 1578 uon
690 1518 767 1577 bene
779 1519 840 1578 dati
853 1517 970 1591 signum
983 1523 1040 1576 est.
1070 1517 1198 1590 'ouon-2

195 1612 259 1664 tum
278 1619 458 1678 possumus,
480 1617 604 1661 causam
619 1604 685 1661 eius
702 1602 784 1675 apud
800 1618 857 1661 nos
873 1617 1016 1675 agamusz
1038 1602 1170 1660 sortasse

196 1705 258 1749 nou
271 1686 377 1761 potuit,
391 1681 521 1745 sortasse
534 1684 691 1759 ignoravit,
705 1686 836 1743 fortasse
849 1686 982 1744 facturus
995 1691 1050 1744 θεῖ.
1073 1684 1169 1756 Quae-

196 1772 269 1830 dam
289 1771 413 1829 nomina
431 1770 513 1828 bona
532 1771 630 1828 lentus
651 1784 686 1827 ac
708 1769 833 1843 sapiens
856 1767 987 1826 creditor
1007 1768 1093 1839 iecit,
1119 1768 1170 1845 qui

196 1854 342 1913 sustinuit
361 1868 397 1912 ac
417 1868 501 1913 mora
519 1852 602 1912 fovit.
639 1851 721 1911 idern
736 1852 825 1911 nobis
843 1852 1014 1910 faciendum
1032 1858 1093 1911 est:
1116 1868 1169 1910 nu-

196 1938 324 1998 triamus
339 1936 429 2006 fidem
447 1937 628 2009 languidam.
870 1979 872 1983 -

261 2020 353 2079 XXX.
382 2018 502 2078 Perdidi
523 2019 714 2078 beneficium.
756 2017 866 2089 Stulte,
896 2034 957 2077 non
978 2017 1059 2077 nosti
1079 2016 1197 2078 deiri-1

197 2104 291 2163 menti
307 2103 348 2162 tui
364 2109 516 2176 tempora:
539 2102 712 2176 perdidisti,
735 2102 792 2160 sed
807 2118 875 2175 cum
891 2102 990 2160 dares.
1019 2116 1098 2159 nunc
1117 2118 1169 2175 pa·

196 2190 258 2247 lam
280 2187 390 2245 iactum
412 2193 467 2245 est.
501 2186 597 2244 Etiam
615 2186 644 2244 in
660 2186 721 2261 iriS,
745 2200 824 2259 quae
840 2184 980 2244 videntur
995 2184 1023 2242 iu
1043 2183 1170 2257 perdito,

196 2269 367 2329 moderatio
389 2269 547 2342 plurimum
571 2268 698 2343 profuit:
722 2276 753 2328 ut
768 2284 930 2342 corporum
946 2268 986 2327 ita
1002 2268 1170 2327 animorum

196 2353 328 2412 molliter
343 2352 414 2411 vitia
429 2352 585 2412 tractanda
599 2360 678 2411 sunt.
701 2367 796 2426 saepe
813 2351 894 2425 quod
911 2351 1055 2425 explicari
1067 2355 1169 2426 potuit,

197 2436 366 2510 pertinacia
385 2435 530 2494 trahentis
553 2436 714 2509 abruptum
735 2442 790 2493 θεῖ.
828 2434 905 2506 Quid
923 2450 1001 2509 opus
1018 2443 1064 2493 est
1079 2436 1169 2493 maie·

197 2518 311 2578 dietis?
334 2518 407 2590 quid
423 2519 577 2592 querelis?
599 2519 672 2592 quid
687 2518 908 2576 insectatione?
928 2533 1023 2590 quare
1038 2518 1119 2576 ilium
1136 2518 1166 2575 ii·

197 2602 311 2662 beros?
339 2617 434 2674 quare
451 2601 594 2659 dimittis?
620 2603 646 2660 si
668 2603 803 2674 ingratus
824 2608 885 2670 est,
908 2600 966 2657 iarn
982 2599 1053 2658 nihii
1070 2601 1169 2658 debet.

198 2685 283 2758 Quae
302 2686 378 2743 ratio
400 2693 447 2743 est
468 2684 652 2743 exacerbare
673 2700 756 2751 eum,
781 2683 808 2740 in
833 2699 921 2755 quem
940 2697 1049 2754 magua
1066 2686 1202 2741 contu-2

197 2768 286 2840 iaris,
314 2774 348 2828 ut
368 2783 406 2826 ex
424 2768 521 2825 amico
539 2766 630 2826 dubio
646 2767 698 2826 fiat
713 2782 772 2825 non
791 2764 902 2825 dubius
918 2766 1056 2823 inimicus
1072 2772 1102 2823 θῖ
1116 2780 1169 2838 pa—

198 2850 360 2914 trocinium
381 2850 438 2909 sibi
459 2858 562 2909 nostra
578 2850 701 2909 iufamia
716 2856 841 2922 quaerat
855 2865 911 2908 uec
927 2848 1027 2907 desit?
1058 2845 1169 2907 Nescio

198 2933 273 3009 quid
289 2940 352 3005 cst,
376 2934 458 3006 quod
473 2948 557 3005 eum,
574 2935 621 2993 cui
637 2942 750 2993 tantum
763 2933 880 3004 debuit,
895 2934 974 2991 ferre
987 2948 1045 2990 uon
1059 2933 1169 3006 potnit:

198 3017 307 3075 subest
318 3015 446 3089 aliquid:
462 3033 551 3075 nemo
563 3034 623 3076 nou
637 3018 803 3090 superioris
817 3016 990 3089 dignitatem
1004 3016 1170 3089 querendo,

198 3099 317 3159 etiamsi
335 3114 396 3158 non
413 3099 595 3173 inquinavit,
617 3100 778 3173 adspersit.
805 3113 862 3156 nec
878 3099 1040 3172 quisquam
1056 3098 1171 3170 fingere

198 3189 361 3243 contentus
386 3189 433 3242 est
457 3183 553 3255 levia,
579 3198 646 3241 cum
672 3180 878 3256 magnitudine
904 3179 1055 3237 mendacii
1079 3179 1171 3236 fidem

198 3272 335 3340 quaerat.

259 3348 364 3408 XXXI.
392 3349 508 3422 Quanto
530 3348 579 3407 iila
599 3346 705 3407 melior
727 3348 790 3416 via,
815 3362 875 3419 qua
890 3352 1029 3405 servatur
1044 3344 1084 3401 iiii
1100 3354 1201 3416 spe-1

199 3430 263 3491 cies
278 3432 428 3491 amicitiae
442 3438 485 3502 et,
511 3433 536 3491 si
551 3434 660 3490 reverti
676 3432 715 3489 ad
727 3430 885 3489 sanitatem
896 3429 982 3500 velit,
998 3428 1086 3487 etiam
1098 3425 1170 3484 ami·

199 3508 283 3574 citia!
312 3515 414 3574 Vincit
434 3516 530 3575 maios
554 3515 691 3588 pertinax
714 3512 833 3573 bonitus
855 3530 911 3572 uec
928 3514 1089 3587 quisquam
1110 3517 1171 3567 tarn

170 3632 174 3645 ι
200 3598 266 3656 duri
288 3598 451 3671 infestique
473 3599 622 3656 adversus
639 3598 792 3670 diligenda
806 3598 895 3655 animi
911 3603 971 3668 θεῖ,
993 3603 1024 3654 ut
1037 3594 1125 3653 etiam
1141 3595 1171 3651 in

200 3680 338 3739 iniuriam
358 3680 458 3741 bonos
475 3698 533 3741 non
550 3687 642 3751 amet,
665 3681 775 3753 quibus
793 3680 850 3738 hoc
866 3694 989 3752 quoque
1004 3676 1105 3750 coepit
1119 3677 1170 3734 de-

199 3761 286 3838 bere,
303 3764 386 3839 quod
401 3765 514 3839 inpune
529 3781 589 3823 uon
601 3764 700 3823 solvit.
733 3763 783 3822 Ad
798 3764 846 3822 iiia
858 3764 960 3837 itaque
973 3760 1171 3835 cogitationes
1186 3765 1203 3815 2
