2942 4384
261 452 302 517 70
546 452 580 511 L.
601 448 747 511 ΑΝΝΑΕΙ
769 448 945 511 SENECAE

186 667 188 672 ,
263 620 353 680 quam
374 602 449 663 satis
469 609 577 662 natura
600 602 748 673 cavisset,
778 599 933 674 quomodo
956 601 1039 660 nulla
1059 601 1112 662 lex
1132 618 1237 665 amare

262 696 419 762 parentes,
441 684 598 759 indulgere
613 685 716 743 liberis
732 683 824 744 iubet.
848 699 1072 757 supervacuum
1085 688 1236 761 estenim,

234 772 291 831 tin
308 771 391 846 quod
408 770 501 842 imus,
522 769 635 842 inpelli.
670 766 932 838 Quemadmodum
947 784 1036 828 tremo
1052 767 1083 825 in
1099 784 1235 830 amorem

262 855 310 914 sui
326 853 532 914 cohortandus
548 859 609 924 εει,
633 866 725 925 quem
741 850 820 910 adeo
836 851 908 911 dum
923 850 1061 911 nuscitur
1073 851 1181 927 trahit,
1197 854 1236 913 itu

263 953 301 995 ne
314 938 353 996 ad
364 935 565 1010 hocquidem,
577 942 610 994 ut
620 934 751 993 honesta
764 949 819 1007 per
831 950 866 993 se
877 940 974 1007 petat:
992 936 1115 1008 placent
1126 944 1235 1010 suapte

263 1029 369 1080 natura
390 1019 531 1091 adeoque
551 1018 685 1091 gratiosa
705 1018 801 1076 virtus
824 1024 886 1090 εει,
909 1024 940 1077 ut
953 1018 1074 1076 insitum
1091 1019 1132 1078 sit
1146 1019 1234 1078 etiarn

263 1103 349 1161 malis
367 1102 497 1176 probare
511 1102 646 1160 meliora.
684 1100 757 1173 Quis
772 1101 882 1173 estqui
895 1116 955 1160 non
968 1099 1127 1161 beneficus
1139 1101 1234 1161 videri

265 1186 356 1245 veliti
384 1186 435 1258 qui
456 1201 518 1243 non
539 1184 617 1243 inter
636 1184 756 1242 scelera
770 1190 800 1243 ct
820 1183 946 1243 iniurias
959 1182 1136 1257 opinionem
1149 1183 1234 1245 honi-

263 1270 332 1328 tatis
353 1269 510 1328 adlecleti
539 1267 665 1341 quinon
687 1266 764 1341 ipsis
780 1282 875 1340 quae,
891 1266 1135 1341 inpotentissime
1157 1268 1234 1341 lecit,

265 1352 399 1427 speciem
415 1352 548 1425 aliquam
563 1351 668 1410 induat
681 1350 756 1409 recti
769 1349 902 1424 velitque
913 1349 1001 1410 etiarn
1014 1349 1062 1409 his
1075 1350 1174 1409 videri
1185 1351 1234 1410 be

235 1435 406 1496 anelicium
422 1436 564 1509 dedisse,
579 1451 658 1509 quos
677 1434 788 1492 laesit?
810 1433 928 1494 Gratias
944 1434 1045 1507 itaque
1060 1434 1110 1508 agi
1125 1433 1185 1493 sibi
1199 1432 1234 1492 ab

265 1520 321 1589 hia,
332 1536 410 1594 quos
423 1517 581 1589 adflixere,
591 1519 744 1591 patiuntur
754 1516 917 1591 bonosque
928 1533 963 1576 se
977 1532 1014 1575 ac
1026 1516 1170 1575 liberales
1183 1516 1234 1575 lin

265 1610 353 1675 gunt,
377 1602 448 1676 quia
470 1606 627 1674 praestare
647 1615 706 1659 non
729 1607 871 1673 possunt.
904 1599 988 1675 quud
1009 1615 1070 1660 non
1092 1600 1234 1672 lacerent,
1271 1638 1275 1661 .

265 1686 324 1743 nisi
344 1685 413 1743 illos
435 1683 555 1743 honesti
576 1688 605 1741 et
624 1698 680 1757 per
700 1698 734 1742 se
754 1683 919 1757 expetendi
933 1698 1020 1743 arnor
1034 1689 1162 1757 cogeret
1175 1699 1233 1743 mu

265 1768 349 1825 ribus
368 1766 436 1826 suls
458 1766 632 1840 opinionem
653 1765 835 1825 contrariam
857 1781 1005 1840 quaerere
1026 1773 1057 1825 et
1072 1766 1235 1839 nequitiam

266 1850 394 1921 abdere,
419 1850 506 1909 cuius
526 1850 642 1909 lructus
657 1849 900 1922 concupiscitur,
921 1848 990 1923 ipsa
1002 1864 1077 1908 vern
1093 1848 1167 1909 odio
1184 1865 1235 1923 pu·

267 1932 396 2007 durique
411 1940 466 1993 est.
487 1947 544 1991 nec
560 1932 723 2007 quisquam
735 1939 849 1991 tanturn
862 1948 880 1990 a
891 1931 1019 1991 naturali
1030 1932 1099 2006 lege
1111 1932 1236 1991 desciuit

237 2024 296 2081 tet
317 2016 467 2075 hominem
490 2016 587 2089 exuit,
612 2023 646 2075 ut
666 2014 758 2074 animi
778 2030 873 2074 causa
890 2017 989 2075 malus
1003 2015 1051 2075 sit.
1087 2013 1144 2075 Dic
1159 2015 1235 2074 enim

267 2099 390 2159 cuilibet
410 2116 450 2159 ex
471 2099 552 2172 istis,
574 2097 626 2173 qui
646 2106 734 2172 rapto
754 2099 875 2169 vivunt,
897 2114 936 2158 an
956 2098 994 2157 ad
1011 2098 1076 2171 illa,
1100 2113 1183 2172 quae
1198 2099 1235 2156 la·

267 2183 403 2242 trociniis
417 2190 447 2242 ει
462 2182 548 2241 furtis
561 2188 804 2256 consequuntur,
824 2182 928 2240 malint
940 2181 1059 2246 ratione
1072 2180 1156 2241 bonu
1171 2195 1234 2255 per·

266 2264 392 2323 veniret
415 2263 532 2337 optabit
542 2265 607 2335 ille,
623 2264 672 2322 cui
684 2264 818 2336 grassari
830 2270 1064 2324 ettranseuntcs
1077 2272 1235 2338 percutere

268 2354 416 2420 quaestus
438 2354 499 2419 est,
527 2345 629 2420 potius
650 2345 701 2405 illa
721 2345 860 2405 invenire
880 2363 971 2422 quam
988 2347 1123 2420 cripcrc=
1144 2345 1235 2406 nemi-

267 2444 335 2487 nem
355 2428 507 2502 reperies,
533 2430 585 2503 qui
605 2446 666 2488 non
687 2430 842 2504 nequitiae
862 2428 1005 2504 praemiis
1020 2430 1088 2489 sine
1104 2430 1237 2506 nequitia

267 2512 326 2570 irui
338 2512 429 2572 malit.
451 2512 617 2571 Maximum
628 2512 687 2571 hoc
697 2511 845 2571 habemus
858 2521 982 2572 naturae
993 2511 1141 2586 meritum,
1156 2511 1236 2587 quod

267 2596 362 2655 virtus
383 2595 412 2653 in
435 2596 567 2656 omnium
588 2596 706 2654 animos
726 2596 829 2654 lumen
850 2611 939 2657 suum
962 2595 1121 2669 permittit=
1148 2596 1236 2656 etiam

267 2679 318 2753 qui
334 2694 394 2738 non
411 2688 582 2754 sequuntur
595 2680 690 2753 illam,
709 2680 824 2739 vident.

240 2770 253 2820 1
328 2763 435 2822 XVlll.
464 2764 505 2822 Ut
523 2764 604 2822 scias
626 2778 682 2835 per
702 2779 737 2822 se
753 2762 956 2836 expetendam
970 2777 1042 2823 esse
1057 2762 1133 2837 grati
1147 2761 1237 2821 animi

267 2844 485 2914 adlectionem,
513 2860 580 2917 per
608 2859 649 2903 sc
676 2845 858 2918 lugienda
881 2861 944 2904 res
966 2853 1026 2906 est
1047 2845 1237 2919 ingratum

267 2940 373 2997 esse,
396 2928 539 3000 quoniam
561 2926 634 2985 nihil
654 2941 753 3001 aeque
768 2928 964 2988 concordiam
979 2928 1103 2988 humani
1116 2928 1237 3003 generis

267 3007 416 3070 dissociat
430 3024 466 3067 ac
481 3009 620 3069 distrahit
636 3025 725 3083 quam
741 3009 801 3070 hoc
815 3011 930 3071 vitium.
953 3027 1021 3070 nam
1037 3028 1100 3086 quo
1111 3011 1171 3071 alio
1187 3009 1239 3071 tuti

267 3108 390 3165 sumus,
412 3109 504 3168 quam
520 3093 603 3167 quud
618 3093 729 3151 mutuis
744 3092 884 3153 iuvamur
895 3094 1028 3155 olliciist
1048 3094 1108 3154 hoc
1119 3111 1182 3155 uno
1195 3094 1238 3153 in·-

267 3177 410 3236 structior
426 3177 489 3236 vita
503 3184 671 3249 contraque
685 3176 877 3237 incursiones
893 3176 1011 3237 subitas
1025 3176 1169 3237 munitior
1183 3183 1238 3249 εει,

238 3258 483 3321 abeueliciorum
496 3257 690 3321 commercio.
711 3258 772 3319 Fac
784 3276 842 3320 rros
854 3260 1007 3334 singulos:
1025 3261 1097 3335 quid
1111 3266 1240 3320 sumus?

270 3344 385 3416 praeda
400 3345 571 3403 animalium
587 3351 617 3403 et
632 3342 770 3403 victimae
785 3359 822 3404 uc
836 3343 1020 3403 bellissimus
1036 3352 1066 3403 et
1079 3344 1240 3405 facillimus

270 3427 405 3500 sanguis.
444 3426 592 3498 Quoniam
608 3426 715 3485 ceteris
730 3426 909 3486 animalibus
924 3426 953 3486 in
970 3427 1091 3487 tutelam
1104 3428 1153 3487 sui
1165 3426 1240 3486 satis

268 3508 376 3569 virium
389 3516 449 3583 εει,
463 3523 674 3584 quaecumque
686 3525 766 3583 vaga
778 3510 982 3570 nascebantur
992 3517 1023 3570 et
1033 3518 1137 3570 actura
1148 3509 1239 3569 vitam

271 3606 445 3665 segregem,
468 3598 582 3651 armata
602 3600 687 3653 sunt=
715 3591 870 3652 hominem
888 3595 1062 3655 inbecillitas
1080 3595 1240 3667 coniunpil.

270 3688 332 3733 non
353 3676 498 3749 unguium
517 3674 579 3749 vis,
609 3691 671 3737 non
691 3675 826 3739 dentium
847 3674 1009 3738 terribilem
1030 3675 1139 3737 ceteris
1154 3673 1238 3737 lecit:
