2942 4384
549 377 573 422 ο

329 459 391 521 222
603 458 636 519 L.
658 458 805 519 ANNAEI
827 458 1001 519 SENECAE

297 610 498 683 thumorem,
521 606 573 683 qui
588 609 680 669 modo
701 607 860 667 diuturnus
878 612 939 679 est,
961 608 1053 669 modo
1068 609 1182 669 brevis.
1216 610 1297 685 Ergo

329 702 361 753 ut
378 694 405 751 in
423 691 602 766 corporibus
617 692 729 751 nostris
744 690 884 765 sanguis,
902 706 968 749 cum
986 708 1133 765 percussa
1149 699 1197 753 est
1209 710 1297 768 vena,

328 777 439 835 tamdiu
452 775 568 847 manat,
585 776 682 834 donec
695 776 793 834 omnis
805 773 924 833 effluxit
936 781 986 833 aut
997 775 1096 833 donec
1111 791 1211 834 venae
1223 779 1296 837 scis-

329 876 400 918 sura
416 860 555 918 subsedit
568 852 837 931 atque'interclusit
853 866 903 916 aut
917 858 1019 931 aliqua
1034 858 1093 915 alia
1109 874 1204 917 causa
1218 870 1297 920 retro

329 942 412 1000 dedit
433 942 626 1014 sanguinem:
649 941 689 998 ita
709 939 739 998 in
761 948 842 999 terra
862 941 969 999 solutis
985 955 1020 998 ac
1038 941 1196 1013 patefactis
1212 945 1297 1002 venis

298 1020 411 1084 6rivus
431 1030 482 1083 aut
503 1024 614 1083 flumen
638 1024 810 1083 effunditur.
840 1024 981 1091 Interest,
1006 1031 1118 1097 quanta
1137 1034 1245 1098 aperta
1260 1028 1298 1086 sit

257 1125 262 1138 ¹
327 1123 420 1178 vena,
437 1123 515 1182 quae
526 1108 618 1167 modo
631 1112 810 1179 consumpta
822 1122 902 1179 aqua
918 1107 1034 1178 deficit,
1048 1107 1141 1166 modo
1160 1109 1297 1168 exsicca-

327 1197 374 1249 tur
385 1190 486 1264 aliquo
499 1189 719 1264 inpedimento,
730 1189 821 1248 modo
835 1190 895 1248 coit
907 1190 1027 1247 velutin
1041 1188 1212 1248 cicatricem
1226 1208 1296 1251 con-

328 1274 489 1347 primitque
516 1290 605 1347 quam
628 1274 810 1346 patefecerat
830 1273 917 1330 viam.
952 1273 1042 1331 modo
1058 1273 1109 1330 illa
1122 1274 1170 1332 vis
1186 1280 1295 1346 terrae,

329 1374 418 1431 quam
434 1372 504 1416 esse
519 1357 691 1416 mutabilem
706 1355 852 1425 diximus,
875 1354 985 1413 desinit
999 1370 1096 1429 posse
1110 1357 1253 1416 alimenta
1267 1359 1296 1415 in

297 1441 311 1495 7
328 1440 484 1500 humorem
500 1446 686 1498 convertere.
706 1438 880 1511 Aliquando
897 1446 997 1497 autem
1013 1438 1163 1497 exhausta
1177 1441 1296 1513 replen-

326 1531 374 1582 tur
389 1524 481 1584 modo
499 1539 553 1597 per
565 1538 599 1581 se
613 1523 728 1581 viribus
744 1522 928 1593 recollectiS,
950 1522 1041 1581 modo
1062 1521 1184 1580 aliunde
1199 1530 1294 1582 trans-

327 1606 405 1665 latis
439 1622 533 1679 saepe
556 1604 635 1664 enim
656 1603 757 1662 inania
774 1605 916 1677 adposita
932 1604 1028 1677 plenis
1043 1604 1203 1663 humorem
1218 1607 1246 1663 in
1262 1622 1296 1665 se

327 1696 542 1748 avocaverunt.
580 1703 673 1761 saepe
693 1695 785 1757 terra,
815 1688 842 1746 si
863 1687 960 1745 facilis
982 1695 1028 1746 est
1042 1689 1070 1745 in
1085 1688 1202 1758 tabem,
1220 1690 1297 1762 ipsa

328 1773 454 1829 solvitur
472 1780 501 1831 et
518 1770 675 1830 humescit.
702 1770 811 1845 [saepe]
829 1770 908 1828 idem
921 1773 1022 1829 evenit
1033 1771 1090 1829 sub
1102 1779 1196 1843 terra,
1213 1773 1294 1846 quod

326 1856 355 1911 in
372 1855 518 1927 nubibus,
542 1860 575 1912 ut
590 1853 742 1927 spissatur
757 1858 848 1925 [ucr],
869 1854 1052 1927 graviorque
1075 1871 1164 1927 quam
1186 1862 1221 1913 ut
1234 1872 1294 1913 rna-

326 1953 398 1997 nere
414 1940 512 2012 possit
524 1938 552 1996 iu
570 1945 676 1996 natura
691 1953 763 2007 sua,
785 1936 887 2010 gignat
901 1937 1067 1996 humorem.
1101 1953 1197 2011 saepe
1213 1940 1294 1997 colli-

326 2022 403 2095 gitur
417 2022 494 2081 roris
510 2023 601 2080 modo
616 2019 713 2080 tenuis
735 2026 765 2078 et
779 2020 943 2093 ,dispersus
961 2022 1079 2094 liquor,
1101 2021 1152 2093 qui
1168 2037 1208 2079 ex
1222 2024 1295 2079 mul-

288 2121 293 2132 *
327 2106 364 2164 tis
378 2107 407 2163 in
423 2123 516 2164 unum
536 2105 612 2164 locis
635 2102 775 2163 confiunt
803 2104 982 2163 sudorem
1001 2104 1157 2177 aquileges
1176 2112 1293 2174 vocant,

327 2190 397 2262 quia
411 2197 512 2263 guttae
528 2188 676 2262 quaedam
691 2189 737 2245 vel
755 2203 900 2260 pressura
912 2187 970 2245 loci
985 2187 1195 2245 elidunturvel
1211 2195 1295 2245 aestu

294 2280 502 2333 &evocantur
534 2272 616 2329 Haec
644 2270 744 2329 tenuis
768 2270 851 2328 unda
879 2270 928 2327 vix
951 2271 1024 2329 sonti
1046 2270 1172 2328 suflicit:
1206 2277 1239 2328 at
1258 2286 1294 2328 ex

326 2356 443 2429 magnis
465 2356 567 2414 causis
591 2354 770 2427 magnisque
796 2352 995 2426 conceptibus
1016 2353 1159 2412 excidunt
1180 2369 1293 2424 amnes,

326 2454 543 2511 nonnunquam
564 2438 669 2495 leviter
685 2436 803 2506 emissi,
826 2438 852 2495 si
872 2452 954 2510 aqua
976 2438 1111 2510 pondere
1127 2452 1162 2494 se
1183 2444 1293 2495 tantum

325 2522 445 2594 detulit,
468 2537 685 2595 nonnunquam
710 2520 904 2578 vehementer
924 2528 954 2579 et
973 2536 1041 2580 cum
1059 2535 1151 2593 sono,
1174 2520 1201 2579 si
1217 2521 1294 2579 illam

320 2606 450 2679 spiritus
466 2604 652 2664 intermixtus
669 2602 765 2662 eiecit.

294 2705 306 2757 1
385 2689 464 2748 XVI.
486 2687 586 2762 „Sed
610 2703 728 2761 quare
749 2687 903 2761 quidam
925 2686 1294 2746 tontessenishoris

326 2773 428 2847 pleni
450 2772 641 2846 senisque
662 2771 758 2831 sicci
781 2776 912 2830 sunt2“
933 2770 1164 2844 Supervacuum
1181 2777 1228 2829 est
1243 2788 1293 2829 no-

326 2857 439 2913 minare
464 2855 584 2927 singula
609 2854 750 2925 flumina,
776 2870 855 2927 quae
880 2854 970 2913 certis
995 2854 1151 2913 mensibus
1176 2869 1294 2927 magna,

222 2995 229 3003 χ
326 2938 415 2996 certis
428 2944 557 3011 angusta
569 2944 640 2996 sunt
652 2945 682 2996 et
696 2938 888 2996 occasionem
905 2936 1032 3011 singulis
1048 2952 1197 3010 quaerere
1204 2962 1215 3009 ,·
1228 2953 1295 2996 cum

293 3037 309 3087 2
326 3022 440 3096 possim
463 3021 602 3079 eamdem
618 3036 741 3080 causam
759 3020 798 3079 de
813 3021 954 3080 omnibus
969 3016 1109 3079 redde're.
1146 3020 1294 3092 Quemad-

324 3105 447 3165 modum
460 3110 607 3180 quartana
623 3106 660 3163 ad
673 3105 779 3162 horam
793 3106 887 3176 venit,
905 3104 1161 3176 quemadmodum
1172 3105 1210 3162 ad
1223 3111 1295 3163 tem·

324 3206 382 3263 pus
397 3190 533 3263 podagra
545 3189 727 3263 respondet,
743 3188 998 3261 quemadmodum
1012 3188 1166 3261 purgatio,
1183 3187 1209 3245 si
1225 3187 1295 3245 nihil

324 3274 438 3346 obstat,
456 3279 598 3333 statutum
615 3273 694 3331 diem
709 3280 826 3342 servat,
843 3271 1099 3345 quemadmodum
1113 3277 1234 3344 praesto
1251 3278 1297 3328 est

324 3357 361 3415 ad
376 3372 509 3415 mensem
523 3372 610 3415 suum
626 3363 745 3430 partus=
757 3356 802 3414 sic
813 3370 911 3428 aquae
923 3354 1080 3412 intervalla
1093 3353 1213 3425 habent,
1231 3354 1295 3427 qui—

323 3440 381 3498 bus
397 3457 432 3499 se
443 3439 597 3510 retrahant
609 3446 637 3498 et
649 3440 759 3512 quibus
771 3438 906 3496 redeant.
929 3439 1078 3510 quaedam
1092 3444 1193 3497 autem
1205 3436 1295 3495 inter-

292 3537 298 3549 ’
324 3523 404 3582 valla
419 3530 489 3583 sunt
503 3523 620 3581 minora
634 3530 664 3579 et
678 3523 749 3588 ideo
764 3520 922 3594 notabilia,
945 3522 1095 3595 quaedam
1108 3520 1225 3580 maiora
1239 3535 1296 3577 nec

293 3607 422 3667 3miuus
438 3612 530 3666 certa.
552 3604 669 3680 Ecquid
684 3605 734 3664 hie
750 3606 859 3664 mirum
873 3611 934 3674 est,
950 3620 1018 3663 cum
1033 3605 1140 3665 videas
1157 3603 1295 3664 ordinem

326 3704 424 3748 rerum
440 3696 470 3751 et
484 3696 622 3750 naturam
638 3704 693 3763 per
708 3689 872 3750 constituta
890 3689 1074 3762 procedere:
1096 3687 1194 3747 hiems
1208 3703 1294 3745 num·
