2942 4384
388 438 439 500 nn
454 436 667 523 ermricus
686 437 824 498 amvi.
847 447 978 503 rs-n.
1106 436 1168 503 117

191 590 332 651 vendunt
346 588 494 664 obligant,
511 589 567 649 sed
581 588 713 662 benigna
724 595 754 647 et
765 587 901 648 familiari
914 590 1077 648 voluntate.
1111 590 1166 649 lta-
1180 605 1197 656 a

193 690 257 750 que
277 674 413 744 medico,
437 674 463 732 si
484 672 556 732 nilril
578 672 708 746 amplius
720 688 816 746 ¹quarn
831 686 952 730 manum
968 672 1062 745 tangit
1076 679 1106 731 et
1120 688 1169 732 me

192 759 273 817 inter
284 773 339 817 eos
349 772 427 831 quos
439 755 627 830 perambulat
639 755 731 830 ponit,
745 755 811 813 sinc
822 756 883 814 ullo
896 755 1016 813 adiectu
1030 756 1170 814 iacienda

191 841 357 901 vitandave
373 838 581 914 praecipiens,
601 838 672 896 nibil
688 838 819 911 amplius
832 838 946 910 debeo,
964 837 1036 912 qnia
1047 854 1095 897 me
1107 855 1167 897 non

191 934 349 998 tamquam
366 924 494 982 amicum
507 921 594 992 vidit,
613 922 668 979 sed
684 928 837 995 tamquam
853 922 1077 995 imperatorem.
1107 922 1197 980 Nece

193 1013 426 1083 praeceptorem
443 1006 566 1079 quidem
581 1003 679 1063 babeo
696 1021 750 1064 cur
763 1020 908 1076 venerer,
926 1005 1059 1063 simeln
1076 1020 1170 1079 grege

192 1089 416 1164 discipulorum
437 1087 555 1161 habuit,
583 1087 609 1147 si
631 1104 690 1147 non
713 1088 831 1161 putavit
851 1089 973 1161 dignum
996 1092 1121 1162 propria
1140 1094 1171 1146 et

194 1173 342 1248 peculiari
363 1187 451 1243 cura,
481 1170 507 1230 si
527 1187 692 1245 numquam
713 1170 743 1230 in
757 1186 814 1229 me
836 1171 945 1232 direxit
965 1172 1106 1248 animum.
1140 1178 1171 1230 et

194 1272 265 1316 cum
291 1256 320 1313 iu
346 1254 479 1314 medium
505 1251 676 1314 effunderet
700 1269 780 1328 quae
811 1254 943 1328 sciebat,
976 1271 1036 1313 non
1066 1255 1168 1326 didici,

194 1339 253 1399 sed
268 1339 386 1413 excepi.
414 1338 490 1410 Quid
504 1353 577 1411 crgo
590 1344 644 1410 est,
662 1352 756 1409 quare
768 1336 833 1395 istis
846 1337 1013 1396 debeamus
1025 1338 1198 1401 mullumls

194 1438 257 1481 non
275 1423 347 1496 quia
362 1421 456 1495 pluris
472 1420 617 1493 estquod
635 1420 836 1481 vendiderunt
851 1436 941 1494 quam
959 1420 1096 1491 emimus
1112 1420 1168 1478 scd

195 1505 270 1579 quia
281 1504 370 1565 nobis
386 1503 462 1578 ipsis
474 1504 587 1577 aliquid
600 1502 829 1577 praestiteruntz
851 1503 901 1560 ille
913 1503 1010 1576 magis
1024 1504 1170 1577 pependit

195 1603 289 1663 quam
312 1588 431 1648 medico
452 1601 582 1645 necesse
602 1594 657 1646 est.
688 1602 745 1659 pro
766 1602 828 1659 me,
852 1602 911 1644 non
928 1602 983 1659 pro
1001 1587 1080 1645 lama
1096 1586 1169 1655 artis

195 1670 343 1731 extimuit
373 1686 434 1729 non
456 1669 510 1729 luit
530 1677 691 1729 contentus
711 1670 847 1729 remedia
867 1677 1052 1742 monstrare,
1072 1676 1102 1728 et
1116 1670 1169 1728 ad-

195 1753 299 1813 movit.
317 1754 394 1813 inter
405 1755 563 1825 [sollicitos]
576 1752 723 1813 sollicitus
735 1754 870 1825 adsedit,
887 1753 924 1811 ad
939 1760 1085 1827 suspecta
1096 1762 1170 1813 tem-

196 1852 273 1911 pora
288 1837 427 1895 occurrit.
449 1837 563 1895 nullum
578 1832 776 1895 ministerium
787 1835 829 1898 illi
841 1837 941 1908 oneri,
957 1839 1070 1897 nullum
1087 1837 1170 1896 lasti-

193 1920 247 1979 dio
263 1919 327 1981 luit
348 1919 478 1993 gemitus
492 1934 579 1978 meos
593 1936 653 1979 non
668 1935 797 1978 securus
809 1918 933 1978 audivit.
956 1922 983 1979 in
997 1920 1083 1979 turba
1095 1922 1198 1983 mul-5

194 2010 296 2062 torum
315 2003 521 2062 invocantium
541 2018 599 2075 ego
615 2003 656 2061 illi
672 2002 833 2076 potissima
847 2003 961 2063 curatio
977 2005 1029 2062 lui.
1057 2010 1170 2062 tantum

195 2086 264 2146 aliis
280 2085 413 2158 vacavit,
430 2092 575 2159 quantum
587 2102 655 2145 mea
666 2086 800 2145 valitudo
812 2086 1007 2159 permiserae
1030 2086 1100 2144 huic
1112 2102 1170 2160 ego

194 2186 258 2229 non
270 2175 424 2243 tamquam
435 2168 570 2242 medico,
583 2169 639 2228 sed
651 2177 803 2244 tamquam
817 2168 915 2230 amico
929 2169 1081 2243 obligatus
1093 2185 1171 2228 suin.

194 2251 409 2311 Alter'rursus
430 2252 570 2312 docendo
592 2259 623 2311 et
643 2253 778 2312 laborem
795 2260 826 2312 et
838 2254 972 2313 taedium
986 2253 1060 2313 tulit.
1084 2268 1200 2327 prae-6

195 2342 243 2395 ter
263 2335 329 2408 illa,
357 2350 438 2409 quae
462 2351 481 2393 a
505 2336 763 2410 praecipientibus
788 2336 817 2395 in
838 2352 999 2396 commune
1019 2336 1171 2408 dicuntur,

195 2416 301 2492 aliqua
321 2418 476 2478 instillavit
496 2435 532 2477 ac
554 2419 693 2491 tradidit,
722 2420 873 2482 hortando
900 2422 1011 2481 bonam
1038 2419 1172 2480 indolem

195 2501 295 2561 erexit
314 2508 345 2575 el
364 2501 455 2561 modo
473 2502 615 2561 laudibus
632 2503 702 2562 lecit
716 2503 862 2576 animum,
884 2504 976 2563 modo
992 2502 1172 2562 admonitio-

195 2584 287 2643 nibus
302 2584 447 2645 discussit
461 2584 619 2644 desidiam.
650 2593 713 2645 tum
728 2586 882 2659 ingenium
897 2589 995 2645 latens
1010 2595 1040 2645 et
1055 2587 1171 2659 pigrum
1184 2601 1200 2656 7

195 2666 324 2740 iniecta,
345 2674 378 2726 ut
397 2668 438 2727 ila
457 2668 571 2741 dicam,
594 2685 683 2727 manu
705 2672 844 2728 extraxit.
879 2685 937 2727 nec
957 2684 1036 2742 quae
1056 2668 1174 2726 sciebat

196 2750 330 2823 maligne
349 2750 555 2825 dispensavit,
577 2768 638 2826 quo
657 2752 769 2811 diutius
784 2759 868 2811 esset
882 2751 1093 2823 necessariuS,
1116 2750 1174 2809 sed

196 2833 308 2906 cupiit,
331 2834 356 2893 si
377 2841 499 2907 posset,
522 2833 667 2894 universa
686 2836 915 2895 transfundere:
939 2835 1075 2907 ingratus
1095 2850 1172 2907 sum,

195 2916 256 2976 nisi
273 2916 355 2975 illum
369 2917 447 2975 inter
460 2917 649 2991 gratissimas
665 2919 909 2978 necessitudines
925 2919 1028 2992 diligo.

259 2998 354 3057 XVll.
384 2998 670 3061 Sordidissimorum
694 3018 818 3076 quoque
837 3002 1035 3061 artificiorum
1056 3002 1200 3065 instita-l

196 3082 316 3141 toribus
337 3099 432 3157 snpra
451 3085 645 3144 constitutum
670 3086 786 3159 aliquid
810 3086 997 3157 adiecimus,
1028 3084 1055 3144 si
1082 3085 1172 3144 nobis

196 3179 295 3238 opera
315 3165 433 3225 illorum
455 3167 573 3237 enixior
592 3167 659 3225 visa
677 3175 733 3227 cst.
762 3175 792 3227 et
811 3168 1006 3241 gubernatori
1022 3176 1051 3226 et
1070 3168 1173 3241 opifici

195 3248 364 3307 vilissimae
376 3251 485 3309 mercis
499 3257 529 3309 et
539 3251 568 3308 in
581 3251 659 3309 diem
672 3267 706 3309 se
719 3251 830 3311 locanti
842 3250 1032 3308 corollarium
1046 3250 1172 3324 adsper-

157 3403 161 3409 .
195 3330 304 3389 simus.
337 3333 369 3390 ln
386 3334 508 3407 optimis
523 3349 595 3392 vero
612 3334 743 3409 artibus,
766 3348 845 3406 quae
867 3331 956 3390 vitam
978 3338 1031 3391 aut
1048 3347 1201 3398 censer-a

194 3420 271 3473 vant
281 3422 334 3474 aut
343 3418 496 3488 excolunt,
513 3418 564 3491 qui
577 3415 649 3474 nihil
662 3432 696 3475 se
708 3418 778 3489 plus
790 3414 943 3474 existimat
955 3416 1069 3475 debere
1080 3431 1173 3489 quam

195 3497 328 3572 pepigit,
350 3499 485 3573 ingratus
505 3505 568 3559 est..
596 3501 693 3559 Adice
709 3500 792 3573 quod
808 3500 911 3560 talium
927 3500 1096 3560 studiorum
1113 3505 1173 3559 tra·

195 3579 271 3639 ditio
292 3580 401 3641 miscet
421 3583 549 3642 animos.
578 3584 727 3643 boccum
749 3585 860 3643 lactum
882 3590 944 3656 est,
970 3588 1030 3641 lain
1052 3582 1172 3644 medico

195 3679 290 3739 quarn
300 3666 493 3741 praeceptori
504 3666 632 3742 pretium
645 3682 759 3742 operae
772 3668 915 3741 solvitur,
933 3665 1024 3727 animi
1035 3665 1171 3727 debetur.
