2942 4384
264 461 325 534 112
547 464 580 522 L.
601 462 747 522 annam
768 463 942 538 snnecrn

263 626 322 690 ret,
341 633 397 677 nec
412 616 492 677 utitis
507 624 537 676 et
552 614 682 675 salubris
699 616 801 675 cibus:
821 631 890 674 nam
905 615 957 689 qui
971 616 1155 676 beneficium
1172 617 1236 677 mihi

264 702 390 761 daturus
407 709 468 771 est,
491 701 582 758 debet
597 716 657 758 non
672 705 787 758 tantum
804 700 969 772 prodesse,
985 700 1041 758 sed
1052 702 1145 759 nette.
1169 702 1237 760 Ideo

264 800 320 844 nec
335 786 423 843 mutis
439 782 618 842 animalibus
635 783 798 855 quicquam
813 781 955 841 debetur:
978 789 1114 855 utquam
1130 785 1238 843 multos

264 884 281 926 e
298 867 433 942 periculo
448 866 595 924 velocitas
613 865 684 938 oqui
698 864 819 938 rapuit?
839 880 896 923 nec
907 864 1085 924 arboribus:
1108 873 1140 924 et
1151 883 1237 941 quam

234 954 374 1011 emuttos
396 956 484 1008 aestu
506 949 679 1007 laborantes
702 950 855 1006 ramorum
876 948 1013 1021 opacitas
1034 948 1130 1007 texit?
1167 950 1239 1023 Quid

264 1041 363 1092 autem
384 1033 523 1103 interest,
552 1039 651 1090 utrum
672 1030 745 1088 mihi
765 1029 817 1104 qui
837 1032 935 1089 nescit
955 1031 1103 1104 profuerit
1128 1048 1168 1091 an
1191 1032 1239 1106 qui

265 1117 344 1175 scire
358 1132 419 1175 non
435 1116 544 1188 potuit,
562 1130 629 1173 cum
644 1115 763 1187 utrique
779 1115 856 1171 vette
871 1114 1019 1172 desuerit?
1047 1114 1125 1186 Quid
1141 1123 1239 1174 autern

264 1199 402 1268 interest,
426 1206 525 1257 utrum
547 1213 594 1255 mc
616 1197 722 1255 iubeas
745 1195 880 1256 noviant
895 1196 1034 1256 vehiculo
1049 1198 1240 1257 auttanceae

173 1298 178 1308 ·
265 1282 377 1340 debere
392 1281 589 1353 beneficium,
605 1296 642 1337 an
658 1279 685 1352 ei
702 1280 753 1352 qui
765 1294 864 1352 aeque
877 1295 965 1352 quam
978 1279 1036 1338 ista
1048 1282 1239 1355 propositum

263 1363 474 1423 benefaciendi
489 1364 604 1421 nultum
619 1362 737 1435 habuit,
761 1362 818 1421 sed
835 1363 948 1435 profuit
962 1369 1057 1420 casu?

237 1460 251 1511 1
326 1448 405 1523 Vlll.
427 1446 613 1505 Beneficium
628 1444 737 1517 aliquis
752 1445 893 1504 nesciens
910 1445 1033 1519 accipit,
1055 1461 1147 1505 nemo
1160 1462 1239 1505 ane·

264 1530 389 1589 sciente.
427 1530 585 1603 Quomodo
598 1531 708 1587 multos
724 1527 847 1586 fortuita
863 1536 970 1587 sanant
986 1544 1042 1588 nec
1058 1528 1129 1588 ideo
1146 1544 1238 1587 reme-

264 1613 314 1672 dia
326 1620 409 1671 sunt=
427 1620 457 1671 et
468 1613 498 1670 in
510 1611 623 1670 flumen
636 1610 724 1669 alicui
737 1610 887 1670 cecidisse
900 1610 1011 1685 frigore
1022 1626 1135 1685 magno
1148 1627 1239 1671 causa

265 1696 402 1754 sanitatis
416 1694 477 1753 suit.
499 1694 652 1768 quomodo
664 1695 863 1767 quorumdam
876 1694 1005 1767 flagellis
1018 1702 1168 1767 quartana
1180 1696 1238 1753 dis·

265 1793 358 1835 cussa
379 1784 425 1835 est
445 1785 475 1836 et
499 1785 597 1836 metus
618 1776 795 1849 repentinus
817 1777 949 1836 animum
970 1779 999 1836 in
1023 1776 1112 1835 atium
1138 1792 1239 1836 curam

265 1859 431 1918 avertendo
453 1867 613 1933 suspectas
635 1859 727 1918 horas
750 1860 872 1930 feretro,
902 1875 959 1919 neo
984 1860 1051 1918 ideo
1075 1860 1238 1934 quicquam

264 1942 387 2016 horum,
411 1942 528 2002 etiamsi
549 1943 638 2003 saluti
659 1943 728 2013 tuit,
752 1943 884 2002 satutare
900 1950 961 2001 est:
984 1944 1029 2001 sic
1045 1942 1170 2016 qnidam
1187 1958 1238 2001 no-

263 2026 311 2085 bis
328 2033 472 2100 prosunt,
495 2025 565 2085 dum
583 2028 702 2098 nolunt,
723 2026 814 2085 immo
831 2028 902 2100 quia
917 2028 1032 2085 nolunt.
1062 2034 1238 2085 nontamen

263 2110 333 2169 idco
356 2110 414 2168 iltis
436 2109 616 2169 beneficium
638 2110 800 2181 debemus,
825 2110 907 2183 quod
925 2109 1099 2183 perniciosa
1118 2109 1235 2168 illorum

235 2192 392 2252 aconsitia
412 2196 532 2251 fortuna
547 2191 672 2251 deflexit
686 2192 714 2250 in
730 2193 849 2251 metius.
886 2198 932 2250 An
949 2193 1107 2251 existimas
1123 2208 1172 2251 me
1187 2191 1237 2251 de

263 2275 336 2333 bere
350 2277 377 2333 ei
394 2276 572 2350 quicquam,
595 2276 681 2333 cuius
698 2290 806 2334 manus
823 2292 889 2334 cum
905 2292 954 2333 me
968 2282 1095 2350 peteret,
1113 2290 1236 2349 percus·

264 2357 303 2416 sit
323 2358 442 2416 hostem
463 2374 577 2428 meum,
602 2358 653 2431 qni
672 2357 845 2431 nocuisset,
867 2359 925 2417 nisi
948 2364 1102 2419 errasset?
1138 2357 1238 2431 Saepe

263 2440 359 2499 hostis
375 2441 446 2500 dum
464 2447 569 2514 aperte
587 2441 713 2515 peierat,
736 2442 825 2500 etiarn
842 2443 922 2500 veris
937 2443 1065 2501 testibus
1081 2436 1239 2513 abrogavit

263 2522 355 2581 fidem
377 2533 406 2583 et
428 2540 512 2582 reum
535 2526 616 2583 vetut
636 2523 767 2583 fractione
784 2526 1019 2585 circumventum
1034 2524 1237 2583 miserabilem

234 2607 403 2666 3reddidit.
442 2606 597 2680 Quosdam
622 2607 690 2680 ipsa
707 2622 786 2682 quae
802 2608 957 2681 premebat
972 2607 1105 2682 potentia
1118 2606 1236 2680 eripuit,

263 2697 293 2748 et
313 2691 430 2749 iudices
452 2707 541 2765 quem
563 2691 731 2750 damnaturi
749 2698 835 2751 erant
851 2708 960 2763 causa,
983 2693 1126 2750 damnare
1142 2690 1237 2763 gratia

262 2776 432 2833 noluerunt.
455 2791 515 2833 non
531 2782 629 2833 tamen
645 2774 674 2833 hi
689 2789 743 2831 reo
758 2773 939 2835 beneficium
952 2776 1115 2848 dederunt‚
1132 2789 1237 2848 quarn·

169 2874 171 2878 ’
261 2856 309 2913 vis
324 2856 508 2929 profuerint,
529 2857 600 2929 quia
614 2856 705 2914 telum
725 2873 786 2929 qno
801 2859 928 2917 missum
943 2859 996 2930 sit,
1018 2873 1079 2916 non
1092 2874 1153 2931 quo
1171 2872 1236 2931 per-

261 2937 379 2995 venerit
402 2938 556 3011 quaeritur
577 2946 607 2997 et
626 2938 807 2998 beneficium
829 2942 868 3001 ab
882 2941 990 3000 iniuria
1006 2940 1162 3013 distinguit
1177 2955 1236 2998 non

232 3019 404 3091 deventus,
427 3020 482 3079 scd
499 3022 627 3081 animus.
659 3023 865 3083 Adversarius
877 3040 979 3096 meus,
1003 3025 1074 3082 dum
1088 3022 1238 3082 contraria

262 3102 334 3162 dicit
354 3110 383 3162 et
405 3104 534 3163 indicem
555 3104 699 3180 superbia
720 3106 847 3167 offendit
866 3109 938 3166 etin
955 3124 1047 3166 unum
1062 3114 1170 3166 testem
1187 3106 1238 3177 [de

262 3193 321 3259 me]
342 3202 405 3245 rem
427 3187 566 3262 demittit,
591 3205 714 3248 cansam
736 3206 833 3248 meam
857 3192 962 3249 erexit.
990 3207 1051 3250 non
1067 3205 1181 3267 quaero
1192 3204 1236 3247 an

262 3286 317 3343 pro
333 3286 380 3328 me
396 3273 554 3332 erraverit:
577 3280 683 3332 contra
698 3288 746 3331 me
762 3272 864 3332 voluit.

233 3364 248 3417 1
323 3354 372 3412 tx.
399 3354 515 3428 Nempe
534 3362 568 3414 ut
586 3363 690 3429 gratus
714 3355 789 3429 sim,
815 3358 893 3415 velte
914 3357 1012 3416 debeo
1034 3356 1114 3416 idem
1137 3356 1238 3413 tacere

262 3437 346 3509 quod
365 3436 430 3508 ine,
456 3445 489 3496 ut
509 3436 689 3497 beneficium
710 3440 810 3511 daret,
838 3439 951 3498 debuit.
994 3441 1070 3498 Num
1093 3439 1165 3511 quid
1192 3444 1239 3497 est

260 3518 395 3593 iniquius
417 3519 555 3592 homine,
579 3521 629 3594 qni
651 3537 720 3580 eum
744 3523 821 3594 odit,
843 3539 936 3596 aquo
954 3523 982 3581 in
999 3521 1086 3582 turba
1102 3523 1238 3581 calcatus

261 3608 313 3659 ant
327 3618 490 3676 respersus
507 3609 557 3662 aut
571 3620 631 3675 quo
648 3606 740 3664 nollet
754 3606 892 3679 inputsns
909 3613 976 3664 estt
1002 3606 1086 3680 atqui
1102 3605 1239 3679 quidest

262 3682 359 3757 alind,
382 3688 465 3761 quod
485 3684 567 3747 ilium
584 3690 727 3762 querelae
743 3689 868 3764 eximat,
890 3704 957 3749 cum
974 3691 1000 3748 in
1017 3706 1050 3748 re
1066 3690 1104 3749 sit
1121 3686 1235 3760 iniuria,
