2942 4384
366 460 509 522 NATUR.
525 460 688 535 QUAEST.
712 460 785 521 LlB.
800 462 849 521 ΙΙΙ.
872 470 1005 524 lli—20.
1114 463 1177 528 225

198 612 338 673 scium:
367 610 394 670 si
416 610 539 685 quando
559 609 673 686 erupit,
696 612 795 671 adlert
810 627 914 671 secum
929 608 1096 673 inmensam
1112 616 1176 675 ani·

197 696 323 758 melium
338 694 472 767 turbam,
494 694 648 755 horridam
664 694 805 769 [adspici]
822 703 852 754 ct
866 703 983 770 turpem
1000 711 1035 754 ac
1052 700 1174 758 noxiam

197 787 301 853 gustu.
343 773 430 838 Certe
452 793 520 838 cum
541 779 572 836 in
595 779 681 837 Caria
702 779 784 837 circa
803 778 967 855 Hydissum
986 779 1092 839 urbem
1109 783 1205 842 tuliae

198 861 376 922 exsiluisset
392 862 490 934 unda,
513 859 682 935 perierunt,
705 862 890 936 quicumque
904 863 973 922 illos
989 864 1115 923 ederant
1130 867 1175 938 pi-

198 960 286 1017 sces,
315 959 396 1020 quos
422 944 525 1017 ignoto
552 951 622 1004 ante
647 960 714 1003 eam
741 945 820 1004 diem
846 947 932 1006 coelo
955 962 1055 1006 novus
1077 948 1175 1007 amnis

198 1028 342 1087 ostendit.
371 1042 429 1086 nec
443 1027 474 1086 id
487 1027 605 1087 mirum.
630 1034 715 1087 erant
729 1028 809 1086 euim
826 1028 950 1102 pinguia
967 1037 996 1088 et
1011 1029 1129 1089 differta
1144 1037 1175 1090 ut
1264 1062 1269 1070 s

197 1110 344 1183 exlongo
360 1110 422 1170 otio
437 1125 583 1184 corpora,
605 1118 736 1170 ceterum
753 1110 950 1171 inexercitata
960 1119 991 1171 et
1001 1112 1029 1169 in
1040 1114 1174 1174 tenebris

197 1192 338 1267 saginata
352 1201 383 1252 et
396 1193 473 1251 lucis
489 1192 642 1267 expertia,
662 1208 701 1253 ex
713 1210 775 1268 qua
785 1193 948 1254 salubritas
960 1196 1087 1253 ducitur,
1117 1198 1206 1255 Nar-3

198 1276 243 1336 sci
263 1283 365 1336 autem
388 1292 482 1350 posse
504 1277 607 1350 pisces
630 1275 661 1336 in
679 1277 729 1335 ilto
745 1284 891 1336 terrarum
908 1278 1062 1350 profundo
1078 1280 1117 1339 sit
1130 1280 1174 1338 in-

197 1358 326 1432 dicium,
349 1360 432 1434 quod
447 1359 598 1434 anguillae
612 1359 772 1418 latebrosis
787 1360 863 1419 locis
879 1362 1091 1432 innascuntur,
1107 1378 1174 1436 gra-

197 1440 245 1501 vis
268 1448 298 1501 et
318 1442 405 1516 ipsae
427 1442 514 1502 cibus
535 1443 574 1503 ob
595 1442 764 1517 ignaviam,
785 1443 892 1517 utique
911 1442 937 1501 si
961 1443 1026 1501 illas
1047 1445 1173 1504 altitudo

197 1525 252 1584 luti
275 1524 591 1599 penitusabscondit.
631 1525 728 1585 Habet
752 1542 826 1600 ergo
851 1544 910 1585 non
938 1533 1050 1585 tantum
1079 1530 1203 1588 verast}

195 1624 345 1683 aquarum
367 1616 462 1681 terra,
491 1624 530 1667 ex
552 1609 663 1682 quibus
685 1609 851 1670 conrivatis
866 1608 990 1669 flumina
1005 1611 1084 1669 effici
1101 1628 1173 1685 pos·

195 1697 279 1764 suut,
292 1691 348 1750 sed
360 1706 464 1750 amnes
477 1692 690 1765 magnitudinis
701 1700 822 1753 vastae=
839 1710 967 1767 quorum
977 1693 1043 1752 aliis
1052 1710 1175 1769 semper

195 1774 364 1833 inocculto
380 1790 489 1834 cursus
505 1780 567 1847 est,
591 1774 689 1833 donec
705 1776 808 1849 aliquo
825 1776 894 1835 sinu
910 1785 1008 1835 terrae
1023 1778 1172 1837 devoren-

194 1864 254 1931 tur,
271 1856 321 1916 alii
336 1857 394 1916 sub
410 1856 513 1931 aliquo
528 1858 596 1917 lacu
608 1866 775 1931 emergunt.
813 1858 875 1917 lam
891 1859 960 1933 quis
973 1859 1091 1931 ignorat
1102 1877 1174 1920 esse

195 1940 351 2015 quaedam
363 1946 470 2013 stagna
483 1942 548 1999 sine
560 1941 677 1999 lundo‘t
699 1957 832 2015 quorsus
843 1940 903 1999 hoc
916 1941 1066 2014 pertinet?
1079 1945 1172 2002 utad-

194 2029 304 2098 pareat
317 2022 395 2081 hanc
409 2039 519 2097 aquam
537 2024 654 2096 magnis
670 2023 809 2083 amnibus
825 2031 977 2082 aeternam
993 2040 1064 2083 cssc
1080 2034 1171 2085 mate-

195 2106 289 2178 riam,
310 2105 472 2166 cuiusnon
489 2114 649 2180 tanguntur
661 2114 795 2166 extrema
807 2106 1050 2167 sicutssuminum
1064 2109 1172 2168 sontes.

259 2187 322 2247 XX.
359 2192 432 2262 „At
457 2205 577 2263 quare
605 2190 717 2262 aquis
747 2206 866 2265 sapor
889 2190 1072 2249 variust“
1099 2199 1199 2265 qua-l

195 2278 267 2331 tuor
286 2272 459 2331 excursis:
488 2274 609 2332 exsulo
627 2271 723 2345 prima
739 2279 801 2346 cst,
821 2290 877 2348 per
892 2273 976 2347 quod
991 2275 1094 2334 lertur.
1123 2291 1170 2334 se-

196 2354 299 2415 cunda
319 2370 359 2415 ex
379 2356 504 2428 eodem,
529 2356 555 2414 si
577 2357 741 2415 mutatione
762 2357 828 2416 eius
850 2356 994 2417 nascitur.
1026 2358 1113 2417 tertia
1133 2375 1173 2417 ex

196 2436 320 2512 spiritu,
344 2440 395 2512 qui
409 2439 437 2497 in
454 2454 567 2512 aquam
580 2438 813 2513 transfiguratus
828 2447 884 2499 est.
913 2446 1019 2513 quarta
1034 2457 1073 2499 ex
1089 2443 1170 2514 uitio,

196 2521 281 2595 quod
297 2535 392 2594 saepe
408 2521 583 2596 concipiunt
595 2528 756 2595 corruptae
773 2539 828 2597 per
842 2523 990 2581 iniurium.
1022 2524 1088 2583 Hae
1100 2528 1198 2584 cau-2
1266 2551 1271 2558 ·

195 2619 252 2663 sae
272 2619 417 2678 saporem
439 2605 510 2663 dant
531 2605 619 2680 aquis
640 2607 772 2679 varium,
793 2605 851 2664 hae
868 2606 1048 2664 medicatam
1065 2614 1170 2680 poten-

193 2688 283 2760 tiam,
310 2685 369 2745 hae
388 2702 513 2761 gravem
534 2689 670 2762 spiritum
694 2688 882 2762 odoremque
901 2689 1091 2762 pestiferum,
1113 2688 1171 2749 hae

195 2769 347 2829 levitatem
368 2772 623 2845 gravitatemque,
652 2772 730 2843 [boe]
753 2780 805 2830 aut
794 2772 955 2830 tcalorem
977 2779 1028 2831 aut
1048 2772 1171 2830 nimium

194 2851 339 2927 rigorem.
374 2854 516 2927 Interest,
534 2861 632 2913 utrum
648 2855 716 2913 loca
731 2855 878 2927 sulphure
893 2870 931 2912 an
946 2855 1023 2915 nitro
1039 2872 1078 2913 an
1095 2854 1170 2915 bitu-

194 2936 277 2994 mino
298 2937 389 3010 plena
409 2936 590 2996 transierint.
618 2936 675 2995 huc
695 2937 813 2998 ratione
832 2944 993 3013 corruptae
1009 2954 1076 2998 cum
1090 2939 1171 3051 vitae

195 3018 333 3094 periculo
348 3018 499 3077 bibuntur.
535 3019 611 3078 Hinc
629 3019 771 3080 Ovidius=
1128 3029 1200 3082 3

256 3102 298 3161 Ir'l
285 3105 383 3161 lumen
397 3103 505 3162 babent
519 3103 651 3175 Cicones,
673 3106 754 3177 quod
760 3112 863 3178 potum
876 3120 972 3163 saxeo
987 3105 1088 3163 reddit

257 3187 388 3258 viscera,
406 3187 487 3259 quod
499 3190 569 3245 tart
558 3204 583 3245 ts
547 3148 711 3246 troducit
722 3202 875 3244 marmora
888 3188 984 3243 rebus.

193 3266 377 3327 Medicatum
395 3274 441 3327 est
456 3269 562 3328 eteius
575 3276 700 3328 naturae
712 3267 930 3336 habetlimum‚
945 3274 978 3326 ut
988 3268 1169 3339 corporibus

194 3366 230 3411 se
247 3350 415 3425 adglutinct
429 3358 459 3410 et
470 3351 606 3412 obduret.
637 3349 896 3423 Quemadmodum
908 3349 1092 3409 Puteolanus
1105 3352 1171 3423 put-

194 3434 258 3507 vis,
281 3434 308 3493 si
330 3450 441 3508 aquam
462 3435 583 3508 adtigit,
605 3449 713 3492 saxum
736 3440 797 3505 cst,
818 3431 863 3492 sic
883 3448 901 3490 e
922 3432 1072 3492 contrario
1092 3432 1170 3492 haec

193 3532 291 3592 aqua,
318 3516 345 3576 si
366 3518 498 3577 solidum
520 3518 629 3591 tetigit,
652 3516 758 3575 haeret
779 3522 809 3575 et
829 3516 979 3590 adfigitur.
1021 3515 1094 3572 lude
1115 3523 1200 3589 esta

194 3601 281 3676 quod
295 3614 345 3659 res
362 3600 499 3658 abiectae
514 3600 542 3657 in
559 3599 697 3658 eumdem
714 3600 812 3657 lacum
823 3599 962 3672 lapideae
974 3597 1104 3656 subinde
1116 3614 1168 3657 ex-

193 3684 369 3756 trahuntur,
394 3682 478 3757 quod
493 3682 523 3741 in
538 3682 622 3743 ltalia
637 3682 821 3757 quibusdam
835 3682 864 3739 in
880 3681 956 3741 locis
972 3679 1081 3742 evenit.
1102 3682 1168 3743 sive

236 3784 340 3825 musca
354 3785 423 3824 reru.
439 3770 471 3824 ll.
970 3772 1003 3827 15
