2942 4384
304 455 366 520 142
527 507 531 512 .
598 458 632 518 L.
653 456 801 518 ANNAEI
820 455 995 519 SENECAE

302 626 363 671 non
392 607 518 670 interius
545 607 755 680 absconderit,
785 607 869 683 quud
893 623 965 667 neu·
979 607 1038 668 illis
1063 606 1164 670 maius
1187 625 1277 686 quam

303 694 387 768 qtrod
402 692 520 753 detrahi
536 700 644 767 posset
658 691 781 765 pondus
794 692 945 751 iniecerit:
969 691 1042 765 quid
1058 701 1131 753 sunt
1143 693 1223 755 istae
1236 702 1278 755 ta·

303 777 407 849 butue,
424 776 498 851 quid
513 775 747 849 conputationes
762 782 792 834 et
807 775 913 833 venale
931 782 1052 847 tempus
1067 780 1098 833 et
1112 775 1278 850 sanguino-

302 859 402 918 lentae
430 857 637 918 centesimae?
678 857 849 917 voluutaria
881 858 962 915 maie
989 872 1029 916 ex
1061 859 1279 920 constitutione

303 941 600 1015 nostrapendentia,
616 938 645 999 iu
663 939 775 1014 quibus
790 938 863 998 nihil
877 947 925 999 est
939 940 1038 1013 quod,
1054 940 1154 1000 subici
1170 941 1278 1015 oculis,

268 1040 285 1091 5
303 1025 387 1099 quod
402 1024 497 1084 teneri
512 1039 602 1082 manu
616 1024 730 1097 possit,
754 1020 851 1081 inanis
866 1022 1010 1080 avaritiae
1023 1024 1152 1082 somnia.
1182 1024 1206 1085 0
1225 1024 1277 1084 mi·

302 1123 419 1180 serum,
441 1106 468 1165 si
491 1122 582 1179 quern
603 1107 733 1165 delectat
756 1104 926 1179 patrimonii
947 1104 995 1164 sui
1012 1105 1089 1165 liber
1104 1122 1235 1181 magnus
1249 1115 1279 1167 et

301 1196 387 1248 vasta
413 1190 512 1263 spatia
537 1196 682 1248 terrarum
710 1189 841 1247 colenda
873 1204 927 1261 per
948 1186 1069 1247 vinctos
1090 1197 1120 1248 et
1144 1189 1277 1250 inmensi

299 1287 408 1346 greges
431 1287 576 1345 pecorum
598 1288 653 1345 per
674 1271 848 1344 provincias
864 1286 900 1329 ac
914 1285 1009 1343 regua
1026 1272 1172 1343 pascendi
1187 1281 1218 1333 et
1234 1274 1276 1332 la-

300 1354 381 1414 milia
396 1354 551 1414 bellicosis
566 1354 742 1414 nationibus
758 1352 854 1411 maior
866 1361 896 1413 et
911 1352 1051 1412 aedilicia
1062 1355 1186 1427 privam
1199 1354 1276 1416 laxi-

267 1443 389 1497 dialem
405 1436 524 1497 urbium
545 1453 721 1511 magnarum
744 1436 913 1495 vincentia!
943 1434 1016 1495 Cum
1029 1436 1108 1495 bene
1122 1435 1198 1508 ista,
1221 1449 1277 1513 per'
1293 1454 1295 1457 ·

300 1536 380 1594 quae
396 1520 517 1580 diuitias
533 1536 607 1579 suas
623 1519 781 1593 disposuit
791 1534 828 1577 ac
842 1519 934 1590 ludit,
957 1519 1210 1593 circumspexerit
1224 1538 1275 1581 su-

299 1603 492 1676 perbumque
508 1618 542 1662 se
558 1602 676 1673 iecerit,
698 1601 740 1673 si,
762 1601 907 1676 quiequid
920 1601 1027 1671 habet,
1049 1602 1076 1661 ei
1088 1604 1178 1675 ¹quod
1191 1602 1277 1677 cupit

298 1694 463 1757 conparet,
491 1700 607 1758 pauper
628 1690 685 1743 est.
723 1684 843 1744 Dimitte
864 1700 913 1743 me
934 1692 965 1743 et
984 1685 1176 1746 iltisdivitiis
1197 1687 1275 1747 meis

298 1767 403 1826 redde.
439 1782 497 1841 ego
518 1783 644 1840 regnum
660 1766 828 1841 sapientiae
842 1767 928 1838 novi,
949 1782 1104 1842 magnum,
1119 1783 1275 1829 securum.

297 1866 355 1924 ego
370 1850 415 1909 sic
430 1850 531 1909 omnia
546 1850 660 1922 habeo,
675 1858 707 1910 ut
722 1850 856 1909 omnium
870 1850 960 1909 sint.“
1152 1891 1154 1896 ,

266 1945 281 1995 1
357 1932 407 1991 Xl.
436 1933 540 2007 ltaque
560 1949 628 1993 cum
645 1933 758 1993 Caesar
778 1931 822 1990 iili
843 1933 975 1992 ducenta
995 1933 1140 2005 donaret,
1164 1934 1273 1995 ridens

296 2015 400 2074 reiecit
419 2032 475 2075 nec
496 2017 618 2089 diguam
640 2017 764 2089 quidem
790 2031 937 2074 summam
952 2015 1106 2089 iudicans,
1130 2034 1192 2091 qua
1211 2035 1272 2079 uon

295 2105 421 2172 accepta
447 2099 635 2172 gloriaretur.
675 2099 901 2173 Itidemque,
934 2114 1026 2174 quam
1054 2100 1164 2173 pusillo
1188 2100 1272 2161 iilum

263 2190 281 2241 2
297 2182 397 2241 animo
413 2191 465 2241 aut
479 2182 631 2240 honorare
648 2182 743 2240 voluit
756 2189 808 2240 aut
822 2188 1032 2255 eorrumpere!
1067 2182 1271 2249 Reddendum

295 2264 417 2336 egregio
441 2264 506 2324 viro
528 2264 732 2324 testimouium
755 2272 811 2326 est
839 2266 993 2337 ingentem
1006 2279 1069 2323 rem
1087 2265 1127 2324 ab
1141 2266 1194 2326 illu
1209 2265 1272 2328 dici

295 2344 414 2418 audivi,
431 2361 498 2404 cum
513 2346 672 2406 miraretur
689 2348 752 2406 Caii
768 2347 949 2405 dementiam
957 2348 1064 2422 ,quud
1079 2363 1122 2407 se
1130 2356 1272 2422 putasset

252 2419 256 2437 ¹
295 2427 368 2486 tanti
390 2444 484 2501 posse
505 2436 622 2488 muan
652 2433 855 2505 attemptare,
876 2430 988 2504 inquit,
1009 2435 1270 2506 mecunstttuerat,

295 2514 377 2571 teto
364 2529 375 2571 t
375 2511 471 2583 llifei
478 2515 700 2587 experiendas
688 2516 820 2587 imperio.

264 2604 278 2654 t
356 2594 419 2653 Xll.
443 2594 580 2691 Sapienti
597 2595 923 2670 ergodonarialiquid
940 2602 1055 2669 potest,
1075 2596 1195 2656 etiamsi
1220 2612 1268 2657 sa·

295 2676 404 2750 pientis
419 2679 520 2739 omnia
534 2687 613 2739 suut.
633 2695 732 2753 aeque
747 2679 818 2737 nihil
835 2678 983 2752 prohibet,
995 2695 1063 2738 cum
1078 2681 1181 2740 omnia
1194 2679 1272 2740 ami.

294 2760 339 2819 eis
363 2761 501 2821 dicamus
521 2778 593 2822 esse
613 2762 800 2834 communia,
817 2762 939 2834 aliquid
953 2764 1052 2821 amice
1066 2763 1184 2822 donari.
1206 2780 1268 2823 nun

293 2843 372 2902 enim
388 2844 458 2902 mihi
471 2843 516 2902 sic
531 2860 599 2903 cum
611 2843 708 2903 amico
721 2845 893 2903 communia
904 2846 1006 2904 omnia
1018 2853 1097 2916 sunt,
1111 2846 1268 2919 quomoda

293 2940 361 2983 cum
383 2926 483 2995 socio,
509 2934 541 2985 ut
563 2942 635 2999 pars
657 2943 725 2985 mea
746 2927 797 2999 sit,
819 2943 890 3001 pars
910 2927 1005 2998 itlius,
1031 2928 1087 2987 sed
1109 2930 1267 3002 quomoda

294 3007 370 3079 patri
394 3008 543 3082 matrique
563 3024 741 3069 communes
763 3010 846 3068 liberi
871 3020 951 3070 suut
979 3011 1090 3085 quibus
1114 3026 1182 3070 cum
1205 3013 1267 3073 duo

293 3097 377 3162 suut,
403 3106 463 3150 non
493 3090 610 3165 singuli
631 3093 770 3167 singulos
796 3092 923 3164 habent,
950 3095 1005 3153 sed
1032 3095 1144 3167 singuli
1165 3094 1266 3156 binos.

261 3169 420 3235 alcimum
441 3176 573 3236 omniunt
597 3176 656 3235 iam
680 3176 826 3248 ciliciam,
848 3185 881 3234 ut
898 3177 1039 3251 'quisquis
1057 3185 1106 3236 est
1119 3177 1193 3249 iste,
1213 3179 1265 3253 qui

289 3273 337 3315 mc
350 3258 379 3316 in
395 3259 570 3319 societatem
583 3265 683 3330 vocat,
699 3260 777 3319 sciat
793 3274 828 3318 se
840 3259 911 3317 nihil
927 3275 1045 3320 mecum
1056 3260 1171 3319 habere
1182 3275 1265 3321 eom·

289 3355 389 3400 mune.
422 3350 537 3416 quaret
565 3344 636 3417 quia
658 3342 718 3403 hoe
733 3342 918 3401 consortium
934 3345 1034 3402 solum
1051 3344 1128 3402 inter
1142 3342 1265 3417 sapien-

289 3430 336 3483 tes
351 3432 412 3496 est,
436 3426 514 3484 inter
536 3441 615 3498 quos
635 3426 767 3485 aniicitia
788 3432 845 3484 est.
877 3426 970 3484 ceteri
986 3442 1045 3485 noir
1064 3426 1160 3500 niams
1175 3426 1265 3486 amici

260 3510 360 3566 dsunt
375 3523 464 3581 quam
481 3507 567 3586 socii.
594 3507 711 3567 Deinde
727 3508 865 3581 pluribus
880 3508 980 3567 modis
996 3509 1168 3570 communia
1183 3517 1265 3570 sunt

288 3588 450 3661 Equestria
464 3591 597 3651 omnium
611 3591 746 3664 equitum
762 3593 966 3651 Romanorum
983 3600 1062 3652 sunt
1092 3593 1122 3651 in
1144 3592 1204 3652 iilis
1220 3600 1265 3654 tu·

289 3686 358 3729 meu
377 3674 462 3733 iocus
478 3688 564 3733 meus
582 3674 616 3734 iit
630 3674 894 3749 proprius-quem
911 3676 1070 3749 occupavi.
1097 3676 1157 3735 hoe
1173 3675 1200 3735 si
1216 3676 1265 3738 cui

286 3753 384 3826 cessi,
410 3757 550 3827 quamvis
571 3755 613 3817 illi
629 3757 829 3816 communire
844 3756 1004 3837 cesserim,
1029 3766 1129 3820 tamen
1146 3757 1264 3834 aliquid
