2942 4384
262 478 324 544 128
547 479 580 537 L.
602 477 749 537 ANNAEI
772 476 947 537 SENECAE

264 631 381 704 credat,
410 636 443 690 ut
463 630 541 691 sciat
560 630 639 689 illam
661 628 762 689 multis
785 637 815 689 et
836 629 906 689 fidis
929 630 1068 690 manibus
1084 632 1235 693 continen-

265 716 344 775 dam.
380 713 490 774 Parum
512 712 542 772 in
564 712 647 772 illum
669 713 847 783 contuleris,
870 712 897 771 si
918 713 959 771 illi
983 716 1103 786 [semel]
1121 717 1236 777 stultam

263 799 405 861 fiduciam
428 812 644 871 permansurae
667 812 789 871 semper
810 796 962 869 potentiae
984 797 1164 859 excusseris
1187 800 1237 859 do·

264 882 428 955 euerisque
443 879 566 939 mobilia
578 895 657 949 esse,
674 895 754 953 quae
766 880 849 938 dedit
861 895 963 951 casus,
978 887 1009 940 el
1019 881 1138 941 maiore
1151 897 1238 942 cursu

264 967 369 1038 lugere
379 980 469 1037 quam
477 963 603 1022 veniunt
614 978 670 1020 nee
682 962 729 1021 his
737 961 939 1036 portionibus,
953 962 1238 1037 quibusadsumma

265 1055 443 1122 perventum
459 1053 520 1119 est,
537 1046 682 1118 retroiri,
706 1046 762 1104 sed
779 1060 873 1118 saepe
891 1046 966 1105 inter
982 1046 1136 1107 fortunam
1147 1044 1237 1108 maxi·

234 1138 341 1191 smam
357 1136 387 1188 et
402 1130 533 1189 ultimam
549 1128 621 1188 nihil
636 1130 807 1187 interesset
838 1129 946 1188 Nescis
958 1139 1106 1204 quantum
1122 1131 1162 1190 sit
1174 1146 1237 1205 pre

263 1212 337 1282 tium
359 1213 521 1285 amicitiae,
546 1212 571 1271 si
593 1228 653 1271 non
677 1210 826 1284 intellegis
848 1214 972 1271 multum
992 1221 1022 1271 te
1042 1214 1070 1271 ei
1089 1214 1237 1288 datiuum,

264 1297 312 1357 cui
334 1297 456 1355 dederis
478 1296 620 1368 amicum,
644 1309 707 1352 rem
727 1311 788 1355 non
807 1294 949 1355 domibus
965 1298 1178 1368 tantum,‘sed
1192 1312 1238 1355 se-

264 1379 340 1441 culis
362 1396 476 1453 raram,
497 1395 577 1454 quae
598 1395 658 1437 non
680 1377 772 1437 aliubi
787 1378 884 1450 magis
900 1379 987 1438 deest
1002 1396 1093 1453 quam
1108 1381 1161 1439 ubi
1176 1396 1237 1439 cre

138 1498 142 1509 ‹
234 1464 342 1526 aditur
357 1462 522 1522 abundare.
560 1462 658 1534 Qutdr
678 1462 755 1522 istos
770 1468 801 1521 tu
817 1462 927 1534 libros,
951 1478 1030 1536 quos
1046 1462 1100 1521 vix
1116 1479 1238 1522 nornen-

265 1549 411 1607 clatorum
426 1545 627 1619 conplectitur
640 1552 692 1603 aut
709 1545 853 1604 memoria
868 1553 921 1605 aut
931 1561 1054 1616 manua
1071 1544 1239 1607 amicorum

264 1628 421 1690 existimas
444 1635 537 1687 esset
564 1644 625 1686 non
643 1635 714 1687 sunt
732 1628 782 1687 isti
797 1628 900 1700 amici,
925 1627 977 1702 qui
992 1630 1114 1702 agmine
1129 1646 1237 1703 magno

264 1713 383 1771 ianuam
404 1712 540 1785 pulsant,
566 1712 617 1785 qui
640 1712 671 1769 in
687 1710 802 1786 primas
820 1718 850 1769 et
865 1712 1018 1771 secundas
1033 1711 1238 1773 admissiones

265 1795 451 1869 digeruntur.
1104 1825 1107 1830 ·

237 1893 252 1946 1
326 1876 458 1936 XXXIV.
488 1876 685 1937 Consuetudo
706 1878 765 1937 ista
781 1884 870 1938 vetus
886 1883 933 1937 est
946 1876 1071 1951 regibus
1086 1892 1239 1953 regesque

266 1960 492 2034 simulantibus,
521 1963 668 2036 populum
690 1960 855 2021 amicorum
877 1960 1061 2020 describere.
1098 1960 1154 2021 Est
1172 1978 1238 2035 pro

265 2046 364 2120 prium
386 2044 548 2118 superbiae
572 2061 682 2117 magno
705 2043 866 2104 aestimare
891 2042 1042 2103 introitum
1064 2058 1102 2102 ac
1127 2052 1239 2107 tactum

266 2130 313 2189 sui
334 2128 445 2188 liminis
465 2135 495 2187 et
516 2144 570 2202 pro
587 2128 704 2188 bonore
717 2128 806 2200 dare,
827 2135 859 2186 ut
874 2128 953 2187 ostio
969 2142 1026 2185 suo
1043 2126 1172 2199 propius
1187 2128 1238 2187 ad·

266 2212 384 2285 sideas,
403 2218 436 2271 ut
450 2211 576 2284 gradum
591 2213 673 2284 prior
683 2210 762 2270 intra
773 2211 895 2270 domum
909 2225 1022 2283 ponas,
1038 2210 1068 2268 in
1081 2226 1144 2284 qua
1156 2211 1238 2270 dein·

266 2310 341 2367 ceps
362 2295 455 2352 multa
470 2301 540 2351 sunt
555 2293 648 2365 ostia,
672 2310 752 2368 quae
766 2301 908 2366 receptos
925 2308 1049 2368 quoque
1064 2294 1239 2354 excludant

236 2377 357 2449 anpud
372 2391 430 2434 nos
446 2376 532 2449 primi
550 2377 682 2436 omnium
699 2376 854 2436 Gracchus
870 2384 900 2437 et
914 2391 986 2436 mox
1000 2374 1106 2435 Livius
1120 2378 1238 2438 Drusus

265 2458 458 2519 instituerunt
477 2475 639 2533 segregare
659 2461 776 2519 turbam
797 2476 883 2519 suam
905 2466 935 2519 et
949 2459 1026 2518 alios
1040 2458 1071 2518 in
1086 2468 1239 2524 secretum

264 2542 416 2617 recipere,
444 2543 521 2602 alios
543 2544 784 2617 cumpluribus,
807 2543 884 2601 alios
905 2542 1078 2603 universos.
1117 2544 1239 2604 Habue-

264 2634 335 2686 runt
348 2626 449 2699 itaque
460 2626 508 2686 isti
520 2627 635 2685 amicos
648 2627 777 2700 primm,
792 2624 963 2685 habuerunt
974 2625 1141 2698 secundos,
1155 2643 1238 2686 num·

235 2720 357 2783 dquam
371 2724 472 2768 veros.
509 2709 647 2769 Amicum
663 2725 773 2780 vocas,
790 2708 926 2769 cuiusdis
943 2707 1065 2782 ponitur
1076 2711 1240 2769 salutatiot

265 2800 318 2851 aut
339 2799 441 2866 potest
460 2792 549 2851 huius
566 2792 618 2851 tibi
633 2800 738 2866 patere
753 2792 846 2862 fides,
872 2792 923 2866 qui
940 2808 995 2866 per
1009 2792 1091 2852 iores
1109 2794 1239 2867 maligne

265 2882 388 2948 apertas
409 2889 469 2932 non
489 2874 593 2946 intrat,
616 2876 672 2934 sed
692 2875 853 2935 inlabitur?
873 2875 945 2934 huic
963 2874 1124 2948 pervenire
1138 2892 1239 2950 usque

265 2956 305 3015 ad
320 2955 566 3029 destringendam
581 2957 747 3017 libertatern
762 2958 845 3029 lieet,
863 2959 950 3019 cuius
963 2961 1087 3032 volgare
1100 2966 1131 3019 et
1141 2960 1239 3033 publi·

266 3054 336 3099 cum
356 3039 483 3098 verbum
505 3048 534 3099 et
551 3040 759 3115 promiscuum
779 3042 890 3116 ignotis
912 3042 1008 3101 have
1028 3058 1090 3101 non
1108 3043 1168 3102 nisi
1182 3058 1239 3103 suo

236 3123 372 3184 dordine
393 3122 555 3183 errrittiturt
584 3124 633 3183 nd
648 3140 871 3200 quemcumque
885 3124 990 3199 itaque
1005 3124 1131 3185 istorum
1148 3141 1238 3186 vene

263 3208 323 3280 ris,
346 3224 476 3283 quorum
491 3208 631 3269 salutatio
648 3209 753 3268 urbem
768 3208 916 3281 concutit,
936 3208 1029 3278 scito,
1046 3209 1164 3268 etiamsi
1176 3208 1238 3268 ani·

265 3291 463 3351 madverteris
480 3292 629 3351 obsessos
646 3291 760 3366 ingenti
777 3291 948 3366 frequentia
962 3292 1048 3351 vicos
1063 3299 1093 3351 et
1107 3307 1239 3353 comme-

265 3375 376 3434 antium
397 3372 427 3432 in
448 3383 609 3449 utramque
630 3384 746 3450 partem
771 3374 901 3434 catervis
927 3374 1033 3444 itinera
1058 3390 1238 3450 conpressa,

263 3464 365 3517 tamen
387 3456 490 3515 venire
511 3458 585 3516 lein
602 3459 702 3518 locum
717 3456 889 3518 bominibus
905 3461 1044 3532 plenum,
1066 3459 1173 3519 amicis
1189 3474 1239 3517 va-

236 3533 365 3600 5‘ouum.
402 3540 434 3598 ln
460 3546 584 3615 pectore
604 3543 734 3615 amicus,
763 3559 823 3603 non
846 3542 875 3600 in
896 3540 972 3602 atrio
994 3542 1159 3616 quaeritur.
1188 3542 1239 3602 illo

264 3623 474 3697 recipiendus,
488 3622 548 3683 illic
560 3624 733 3686 retinendus
745 3632 793 3684 est
804 3631 834 3684 et
844 3624 874 3684 in
888 3640 999 3685 sensus
1012 3625 1238 3687 recondendus.

264 3704 331 3766 Hoc
346 3707 438 3767 doce:
460 3715 564 3783 gratus
579 3722 623 3767 es.
