2942 4384
366 473 505 534 NATUR.
522 471 683 545 QUAEST.
704 472 776 532 LIB.
794 474 845 531 Vl.
867 480 964 535 2—5.
1089 470 1151 535 275

180 622 309 683 inveniri
334 622 454 695 dignius
477 629 591 696 potest,
619 624 668 681 cui
695 639 730 683 se
752 640 811 683 non
832 631 948 682 tantum
969 626 1149 695 commodet,

180 708 238 767 sed
254 706 408 780 inpendat.

244 790 295 847 tv.
318 788 550 860 Quaeramns
567 803 672 860 ergo,
694 789 785 861 qnid
808 787 873 858 sit,
897 788 1180 862 quodtorramr

179 873 225 932 ab
248 872 381 930 intimo
404 879 568 943 moveat,
593 872 675 945 quod
697 871 770 928 tunti
793 873 903 929 motem
925 871 1071 945 ponderis
1086 874 1149 944 pei-

180 956 237 1027 iat,
258 953 332 1027 quid
352 954 391 1012 sit
409 954 461 1011 ilia
481 954 643 1026 valentius,
666 954 749 1026 quod
768 962 881 1012 tantum
897 970 975 1016 nnus
994 955 1022 1011 vi
1038 970 1094 1013 sua
1109 956 1149 1013 ia·

179 1038 323 1109 betaetet,
345 1052 399 1095 cur
420 1036 510 1095 modo
527 1043 647 1109 tremat,
669 1037 761 1096 modo
779 1038 877 1096 taxata
893 1037 1047 1109 subsidat,
1069 1054 1151 1097 nunc

179 1120 209 1179 in
226 1128 330 1194 partes
345 1117 444 1178 divisa
459 1120 597 1178 discedat
612 1127 642 1179 et
655 1120 730 1178 alins
747 1120 936 1192 intervalium
955 1121 1059 1179 ruinae
1075 1137 1151 1179 suae

179 1201 232 1261 din
248 1209 362 1273 servet,
384 1201 459 1259 alias
475 1203 533 1261 cito
551 1204 732 1276 conprimat,
755 1219 835 1261 nunc
850 1220 955 1263 amnes
970 1202 1149 1275 magnitudi-

178 1286 227 1343 nis
239 1293 328 1345 notae
340 1290 496 1343 convertat
507 1285 683 1357 introrsum,
697 1302 778 1343 nunc
789 1301 887 1344 novus
899 1286 1062 1359 exprimat,
1077 1302 1149 1359 ape-

178 1368 238 1427 riat
256 1367 419 1440 aliquando
441 1383 589 1440 aquarum
612 1368 772 1427 calentium
788 1384 899 1440 venas,
921 1367 1085 1442 aliquando
1103 1385 1149 1427 re·

181 1451 319 1525 frigeret,
334 1450 482 1523 ignesque
498 1466 723 1523 nonnumquam
740 1467 795 1525 per
810 1452 934 1524 aliquod
946 1452 1081 1524 ignotum
1096 1469 1149 1509 an-

178 1542 228 1593 tea
242 1532 352 1593 montis
369 1541 421 1592 aut
434 1532 520 1607 rupis
537 1534 670 1592 toramen
687 1534 815 1605 emittat,
834 1535 997 1607 aliquando
1015 1542 1105 1593 notos
1121 1542 1150 1593 et

180 1634 237 1693 per
257 1617 363 1675 secuta
384 1615 501 1675 nubiles
524 1616 701 1690 conprimat.
734 1617 816 1675 Mille
830 1618 974 1676 miracuta
989 1625 1093 1677 movet
1106 1618 1148 1676 ia-

179 1701 320 1773 ciemque
331 1706 424 1757 mutat
436 1699 511 1758 iocis
523 1706 552 1757 et
565 1700 662 1759 defert
673 1708 806 1770 montes,
827 1700 953 1773 subrigit
968 1701 1073 1773 plana,
1088 1702 1148 1759 vai·

180 1785 226 1842 les
241 1782 415 1853 extuberat,
439 1798 535 1841 novas
551 1783 579 1840 in
597 1784 749 1855 profundo
764 1782 880 1842 insutas
896 1784 997 1855 erigit:
1019 1784 1095 1842 haec
1110 1800 1149 1841 ex

178 1866 407 1941 quibuseausis
424 1865 563 1924 accidant
578 1866 668 1938 digna
684 1882 734 1925 res
750 1867 860 1923 excuti.
889 1909 907 1937 „
917 1866 1021 1939 Quod,
1038 1866 1149 1941 inquis,
1164 1874 1181 1924 2

179 1950 234 2007 erit
250 1948 378 2022 pretium
394 1952 552 2021 operaet“
575 1965 635 2021 quo
651 1950 765 2007 nulium
780 1949 879 2007 maius
895 1956 957 2020 est,
984 1965 1078 2007 nosse
1096 1966 1148 2007 na·

178 2037 285 2092 turam.
313 2032 507 2104 nequeenim
523 2033 683 2105 quicquam
700 2030 792 2090 habet
807 2031 835 2088 in
851 2046 886 2089 se
898 2030 988 2090 huius
1005 2033 1149 2090 materiae

177 2115 313 2174 tractatio
330 2114 499 2187 pulchrius,
522 2129 589 2173 cum
607 2116 698 2173 muita
713 2114 824 2172 habent
838 2115 936 2173 futura
950 2114 1035 2187 usui,
1058 2131 1149 2188 quarn

179 2198 265 2271 quod
284 2197 435 2256 hominem
459 2196 681 2270 magnificentia
702 2198 749 2255 sui
769 2197 895 2268 detinet,
920 2213 978 2255 nec
997 2198 1148 2270 mercede,

177 2282 235 2341 sed
250 2281 394 2340 miraculo
413 2281 529 2339 colitur.
551 2280 752 2354 Inspiciamus
767 2296 855 2353 crgo,
877 2281 941 2353 quit
956 2280 1007 2351 sit,
1025 2288 1150 2354 propter

178 2364 263 2439 quod
288 2363 364 2421 haec
390 2363 542 2422 accidant:
570 2380 697 2437 quorum
720 2364 799 2422 adeo
825 2372 872 2423 est
892 2362 963 2422 mihi
985 2363 1084 2423 dulcis
1105 2363 1148 2421 in-

175 2446 311 2522 spectio,
333 2453 365 2505 ut
385 2447 523 2519 quamvis
546 2447 712 2519 aliquando
736 2447 775 2506 de
794 2455 876 2506 motu
898 2453 1046 2505 terrarum
1060 2448 1147 2507 volu·

175 2547 246 2589 rnen
269 2529 413 2588 ediderim
435 2530 568 2601 iuvenis,
594 2537 693 2588 tamen
718 2536 864 2603 temptare
885 2545 934 2587 me
958 2530 1103 2588 voluerim
1120 2537 1150 2588 et

175 2611 325 2687 experiri,
358 2629 396 2670 an
423 2621 506 2672 aetas
532 2614 646 2686 aliquid
675 2612 764 2673 nobis
787 2613 898 2671 autad
920 2610 1076 2670 seientiam
1098 2622 1149 2671 aut

175 2704 261 2756 certe
275 2697 314 2754 ad
330 2695 513 2769 diligentiam
528 2696 681 2755 adiecerit.
834 2708 851 2738 ·

239 2781 278 2838 V.
311 2779 484 2850 Causam,
518 2796 591 2852 qua
619 2788 721 2838 terra
750 2776 984 2845 concutitur,
1018 2777 1084 2836 alii
1114 2778 1180 2834 int

175 2878 277 2937 aqua
299 2877 402 2934 esse,
431 2861 498 2920 aiii
522 2862 556 2920 in
579 2862 751 2935 ignibus
780 2861 846 2919 alii
871 2863 903 2918 in
928 2862 1015 2934 ipsa
1036 2867 1149 2931 terra,

175 2944 1149 3018 atiiinspirr'tuputaverunuatiitnptu1·tbus‚attr

175 3031 213 3088 in
236 3029 496 3090 omnibushis.
522 3026 674 3102 quidam
692 3030 842 3102 liquere
863 3028 964 3102 ipsis
982 3028 1149 3101 aliquam

174 3128 221 3171 ex
249 3112 339 3171 istis
368 3128 521 3171 causam
550 3128 639 3171 esse
668 3113 867 3185 dixerunt,
901 3112 967 3169 sed
999 3126 1071 3168 non
1102 3112 1148 3166 ii·

175 3210 314 3271 quere,
338 3211 437 3269 quae
459 3204 576 3255 esset.
613 3195 697 3253 Nunc
720 3194 838 3265 singula
861 3208 1040 3265 persequar.
1074 3191 1179 3249 titudo

175 3287 248 3338 ante
259 3278 360 3339 omnia
372 3279 535 3338 dicendum
546 3286 606 3348 est,
623 3276 829 3351 opiniones
847 3282 1003 3334 veteres
1016 3290 1149 3349 parum

173 3368 337 3421 exactas
356 3377 445 3421 esse
466 3371 495 3422 et
508 3363 612 3420 rudes.
646 3360 731 3419 Circa
748 3376 851 3418 verum
867 3358 966 3417 adbuc
981 3355 1147 3416 errabatur.

175 3462 258 3507 nova
273 3446 374 3505 omnia
389 3454 474 3505 erant
491 3446 587 3520 primo
604 3444 828 3517 temptantibus.
852 3450 960 3516 postea
974 3441 1081 3499 eadem
1098 3439 1149 3511 itta

175 3530 279 3589 limata
294 3536 423 3602 suntet,
441 3531 467 3588 si
484 3529 556 3603 quid
567 3529 723 3586 inventum
740 3536 801 3600 est,
816 3528 874 3585 iilis
890 3524 1084 3584 nihilominus
1100 3538 1147 3581 re-

175 3614 248 3673 terri
264 3614 355 3673 debet
370 3620 543 3687 acceptum:
566 3611 665 3685 magni
677 3611 767 3669 animi
784 3611 837 3669 tuit
852 3624 950 3667 rerum
967 3615 1091 3666 naturae
1106 3607 1147 3664 ln-

176 3699 280 3757 tebras
301 3696 457 3757 dimovere
478 3712 579 3771 neque
601 3701 774 3754 contentum
797 3692 940 3753 exteriori
955 3691 1021 3750 eius
1036 3691 1145 3765 adspe-

941 3775 996 3836 18*
