2942 4384
421 477 475 537 DE
496 476 709 538 BENEFlCllS
731 478 803 538 LlB.
816 479 853 538 V.
875 487 1007 540 lo-ta.
1161 477 1203 542 95

230 631 312 691 immo
328 628 403 706 quis
418 645 480 689 non
496 629 632 703 ingratus
647 629 716 701 luit,
734 636 769 688 ut
782 629 841 690 hoc
853 631 987 690 laceret?
1013 631 1065 705 „st
1081 631 1232 706 gratiam

228 714 333 790 iuquit,
352 713 447 772 nobis
460 727 552 786 agere
564 713 726 787 debemus,
742 723 772 773 et
781 715 906 786 gratiam
918 716 1033 774 reterre
1046 716 1204 776 debemus.

229 797 351 857 dicimus
375 804 494 855 autem:
523 811 581 870 ago
604 797 717 870 gratias
743 796 830 870 mibi,
860 798 943 871 quod
969 798 1049 857 illam
1075 814 1204 858 uxorem

229 881 303 941 uolui
324 880 443 938 ducere
465 885 495 939 et
516 879 600 953 quod
616 896 684 939 cum
700 880 749 939 illo
766 897 826 939 non
845 881 981 939 contraxi
998 882 1205 940 societatcnr.“

230 963 294 1023 lum
314 963 379 1023 lroc
400 961 547 1035 dicimus,
570 963 729 1023 laudamus
751 979 808 1022 nos
824 970 869 1034 et,
892 972 925 1024 ιιι
940 966 1051 1024 lactum
1068 973 1204 1026 nostrum

230 1047 470 1121 conprobcmus,
492 1047 604 1118 gratias
626 1047 778 1120 agentium
794 1048 896 1106 verbis
912 1049 1073 1108 abutimur.
1107 1049 1234 1110 Bene-3

230 1129 323 1189 icium
338 1135 405 1202 εει,
422 1129 506 1203 quod
522 1136 636 1202 potest,
653 1144 719 1188 cum
733 1130 834 1189 datum
850 1139 910 1203 εει,
927 1137 968 1204 [ει
983 1133 1082 1204 reddi]
1099 1139 1129 1191 et
1142 1147 1204 1192 non

230 1213 318 1272 reddi.
348 1212 404 1288 qui
427 1212 485 1271 sibi
506 1212 688 1271 beneficium
709 1213 774 1285 dnt,
798 1230 857 1274 non
876 1223 977 1288 potest
990 1232 1050 1274 non
1066 1216 1205 1289 recipere

232 1296 307 1371 quod
328 1295 432 1355 dedita
456 1311 529 1368 ergo
551 1312 612 1355 non
630 1303 677 1354 est
692 1296 882 1354 beneficium.
916 1298 985 1357 Alio
1001 1304 1139 1372 tempore
1154 1299 1204 1356 be-

231 1378 366 1439 neficium
389 1379 551 1453 accipitur,
566 1378 640 1438 alio
661 1379 807 1438 redditur.
850 1381 882 1436 ln
906 1379 1054 1447 beneficio
1080 1380 1139 1438 hoc
1160 1389 1234 1443 esti

231 1463 385 1536 probabile
400 1470 430 1523 et
445 1462 690 1536 suspiciendum,
706 1463 790 1536 quod
805 1463 914 1537 aliquis
930 1470 962 1521 ut
976 1463 1060 1521 alteri
1077 1463 1206 1536 prodes·

232 1553 284 1619 tel,
304 1545 445 1607 utilitatis
467 1562 543 1604 suae
564 1545 680 1606 interim
703 1547 814 1605 oblitus
833 1554 894 1619 est,
917 1547 999 1619 quod
1019 1545 1104 1605 alteri
1122 1546 1207 1606 dedit

233 1628 380 1689 ablaturus
396 1629 465 1688 sibi.
488 1629 548 1688 hoc
562 1646 622 1689 non
639 1630 710 1689 lacit
724 1631 776 1704 qui
791 1629 971 1689 beneficium
988 1628 1045 1688 sibi
1058 1630 1119 1688 dat.
1146 1629 1232 1689 Bes

232 1713 366 1772 celicium
383 1713 458 1771 dare
473 1712 597 1772 socialis
612 1729 662 1772 res
676 1721 738 1784 est,
757 1713 889 1787 aliquem
902 1713 1057 1784 conciliat,
1074 1713 1206 1786 aliquem

233 1794 352 1871 obligate
376 1794 435 1854 sibi
450 1795 525 1854 dare
539 1812 599 1855 non
614 1804 661 1855 εει
673 1798 797 1855 socialis
809 1812 874 1869 res,
895 1796 1045 1855 nerninem
1057 1795 1205 1869 conciliat,

232 1881 373 1940 neminem
396 1879 526 1953 obligat,
554 1880 704 1938 neminem
727 1879 757 1938 in
785 1896 872 1952 spem
898 1880 1027 1951 inducit,
1055 1886 1088 1938 ιιι
1108 1879 1205 1936 dicata

233 1961 401 2033 „hiclromo
423 1962 572 2021 colendus
594 1971 650 2022 est.
683 1963 724 2021 illi
746 1962 927 2020 beneficium
950 1961 1049 2035 dedit,
1073 1962 1156 2019 dabit
1177 1968 1206 2020 ει

233 2044 325 2103 nihi.“
352 2045 541 2104 Beneficium
557 2052 612 2119 est,
630 2047 712 2118 quod
729 2046 798 2119 quis
815 2062 874 2104 non
891 2061 949 2104 sua
963 2060 1058 2103 causa
1073 2046 1132 2117 dat,
1149 2045 1233 2110 sedo

234 2128 290 2187 cius
304 2128 353 2188 cui
369 2127 431 2199 dat.
455 2130 483 2187 is
499 2137 600 2188 autem
615 2128 667 2202 qui
682 2129 739 2186 sibi
756 2128 936 2188 beneficium
953 2129 1017 2203 dat,
1039 2144 1095 2187 sua
1110 2144 1205 2188 causa

235 2211 291 2270 dat:
312 2227 377 2271 non
392 2218 441 2270 est
455 2227 529 2285 ergo
544 2212 736 2270 beneficium.

285 2295 349 2354 ΧΠ.
371 2295 492 2355 Videor
505 2295 557 2354 tibi
571 2294 730 2375 iamillud,
748 2296 830 2370 quod
846 2296 875 2354 in
895 2295 1044 2371 principio
1059 2296 1232 2371 dixeranr,l

234 2377 390 2438 mentitusl
416 2379 499 2438 Dicis
514 2394 562 2437 me
578 2379 689 2438 abesse
704 2379 743 2438 ab
759 2395 806 2450 eo,
823 2380 873 2455 qui
887 2397 1000 2454 operae
1016 2381 1144 2454 pretium
1161 2382 1205 2438 la·

235 2460 279 2530 cit,
300 2462 394 2520 immo
416 2469 510 2522 totam
532 2477 656 2535 operam
676 2462 834 2522 bonafide
851 2465 1000 2536 perderet
1033 2464 1204 2536 Exspecta:

234 2544 336 2616 [elliam
352 2545 414 2604 hoc
427 2546 529 2604 verius
544 2545 645 2619 dices,
663 2546 750 2605 simul
767 2562 803 2604 ac
818 2555 847 2605 ιε
862 2546 902 2604 ad
917 2547 973 2605 has
988 2546 1119 2605 latebras
1137 2561 1204 2618 per-

234 2626 352 2707 duxero,
370 2629 536 2702 exquibus
552 2644 621 2688 cum
638 2629 790 2700 evaseriS,
807 2628 878 2686 nibil
894 2630 1023 2702 amplius
1039 2629 1204 2686 adsecutus

234 2709 301 2783 eris,
325 2727 420 2786 quam
434 2719 474 2771 'ut
494 2727 549 2770 eas
572 2712 766 2772 difficultates
788 2711 948 2784 effugeris,
976 2711 1004 2768 in
1027 2725 1104 2783 quas
1122 2709 1206 2769 licuit

233 2808 284 2852 non
300 2794 505 2855 descendere.
542 2793 617 2868 Quid
637 2796 715 2853 enim
732 2795 803 2854 boni
818 2802 864 2853 est
880 2795 979 2854 nodos
996 2808 1130 2868 operose
1144 2795 1233 2857 sol-2

233 2890 311 2949 tene,
329 2894 411 2953 quos
428 2877 496 2952 ipse
510 2884 542 2936 ut
557 2880 695 2938 solveres
712 2879 844 2938 leceris?
869 2877 931 2938 Sed
947 2878 1203 2953 quemadmodum

234 2960 379 3034 quaedam
402 2961 431 3019 in
453 2959 706 3021 oblectamentum
726 2979 763 3021 ac
784 2963 883 3022 iocum
906 2962 951 3022 sic
971 2963 1147 3036 inligantur,
1172 2970 1205 3021 nt

233 3056 331 3105 eorum
353 3043 467 3104 solutio
492 3045 620 3118 inperito
642 3045 775 3105 dillicilis
797 3045 850 3117 sit,
873 3061 952 3119 quae
969 3045 1024 3114 illi,
1050 3045 1101 3118 qui
1117 3044 1203 3117 inpli-

234 3127 300 3202 cuit,
323 3128 393 3186 sine
413 3130 475 3187 ullo
498 3127 620 3201 negotio
644 3137 743 3202 paret,
766 3130 838 3202 quia
859 3127 1076 3187 commissuras
1098 3140 1203 3184 eorunr
1267 3119 1275 3130 ’

233 3216 373 3270 etmoras
389 3209 488 3281 novit,
512 3210 705 3270 nihilominus
722 3212 772 3269 illa
787 3210 898 3268 habent
917 3210 1050 3282 aliquam
1066 3208 1201 3280 volupta-

234 3297 300 3352 tcm=
323 3301 471 3367 temptant
485 3293 565 3353 enim
580 3310 707 3354 acumen
723 3293 891 3351 animorum
904 3299 933 3350 et
947 3290 1141 3349 intentionem
1152 3305 1204 3348 ex·

234 3376 332 3441 citant:
355 3377 398 3436 ita
411 3377 503 3450 llaec,
527 3393 606 3451 quae
620 3376 760 3435 videntur
772 3374 880 3433 callida
893 3382 922 3433 et
933 3373 1095 3443 insidiosa,
1116 3387 1204 3432 secu-

234 3458 343 3519 nutam
360 3475 397 3520 ac
412 3461 570 3534 segnitiem
582 3459 711 3534 ingeniis
724 3460 879 3531 auferunt,
896 3458 1007 3532 quibus
1020 3458 1111 3515 modo
1124 3471 1204 3514 cam·

235 3555 304 3614 pus,
331 3545 364 3602 in
392 3559 453 3618 quo
479 3552 642 3618 vagentur,
672 3543 854 3602 sternendus
880 3550 944 3614 est,
973 3541 1064 3600 modo
1088 3543 1207 3615 creperi

192 3698 193 3703 γ
236 3626 340 3700 utquid
353 3634 386 3686 et
396 3628 570 3702 confragosi
582 3627 784 3702 obiciendum,
799 3641 853 3702 per·
870 3625 953 3700 quod
965 3631 1131 3700 erepantel
1142 3625 1203 3685 sol-

237 3704 307 3770 licite
323 3708 487 3797 vestigium
502 3711 623 3771 iaciant.
