2942 4384
387 472 438 531 DE
459 471 673 533 BENEFICIIS
695 471 768 532 LIB.
781 473 848 532 VII.
872 480 1005 535 19-23.
1118 471 1179 535 149

200 624 310 685 redeat
324 623 363 683 ad
378 622 547 695 dominum,
566 622 666 683 bonus
683 624 721 682 sit
736 639 774 682 an
792 624 900 683 malus.
930 624 1026 698 quida
1048 623 1176 698 diiigen-

200 716 250 769 ter
269 707 352 767 istud
372 714 561 779 excuterem,
584 708 610 767 si
627 723 687 768 non
701 702 878 780 redderem,
900 707 956 766 sed
973 708 1085 765 darem.
1119 708 1176 767 Hic

203 792 291 853 locus
308 791 438 849 tabulam
456 790 564 863 poscit.

265 874 343 932 XXI.
370 872 591 949 Pythagoricus
614 873 736 947 quidam
758 879 872 932 emerat
892 880 1030 932 asutore
1044 872 1204 947 pinasca-1

202 958 265 1031 sia,
280 971 346 1015 rem
357 971 494 1028 magnam
507 973 567 1015 non
581 956 793 1030 praesentibus
803 957 943 1015 nummis.
978 955 1052 1015 Post
1062 956 1178 1031 aliquot

202 1042 271 1099 dies
289 1040 373 1099 venit
394 1038 433 1097 ad
454 1040 608 1098 tabernam
630 1040 805 1098 redditurus
825 1045 870 1111 et,
892 1054 960 1097 curn
975 1040 1110 1098 clausam
1125 1041 1177 1099 diu

202 1125 354 1198 pulsaret,
382 1121 437 1180 fuit
458 1123 509 1196 qui
531 1122 660 1182 diceret=
689 1119 786 1197 „quid
802 1122 905 1195 perdis
922 1130 1068 1196 operam?
1091 1130 1177 1182 sutor

201 1208 253 1267 iiie
271 1221 362 1279 quem
378 1206 499 1279 quaeris
515 1207 627 1275 elatus,
650 1206 819 1265 conbustus
833 1211 889 1264 est.
913 1206 1100 1280 quod¹nobis
1116 1206 1175 1266 ior·-

200 1296 288 1349 tasse
303 1290 462 1347 molestum
483 1295 545 1362 est,
567 1289 619 1362 qui
639 1289 668 1347 in
691 1296 846 1348 aeternum
863 1296 987 1348 nostros
1003 1289 1175 1362 amittimus

201 1370 254 1431 tibi
271 1371 407 1443 minime,
428 1372 479 1445 qui
501 1373 562 1431 scis
579 1373 710 1430 futurum
726 1379 759 1430 ut
773 1378 990 1443 renascatur‚“
1012 1372 1129 1431 iocatus
1145 1372 1175 1430 in

200 1453 446 1531 Pythagoricum.
482 1456 523 1513 At
543 1454 747 1529 philosophus
765 1460 871 1513 noster
889 1462 951 1514 tres
973 1461 1024 1513 aut
1046 1461 1203 1528 quatuorn

201 1537 348 1597 denarios
369 1552 428 1596 non
448 1537 541 1595 invita
555 1554 647 1596 manu
662 1539 784 1597 domum
799 1536 900 1596 retulit
916 1537 1045 1596 subinde
1061 1553 1173 1597 concu-

200 1620 292 1679 tiens.
324 1619 434 1677 deinde
456 1634 524 1678 cum
545 1621 795 1694 reprehendisset
813 1619 892 1677 hanc
912 1636 999 1679 suam
1020 1637 1081 1679 non
1104 1622 1173 1680 red-

201 1703 296 1762 dendi
315 1703 433 1762 tacitam
454 1704 655 1777 voluptatem,
675 1704 854 1777 intellegens
870 1703 1012 1763 arrisisse
1027 1703 1083 1761 sibi
1099 1705 1173 1764 itiud

200 1786 359 1858 lucellum,
379 1785 510 1845 redit'ad
527 1787 664 1845 eamdem
680 1787 834 1846 tabernam
851 1794 881 1845 et
894 1788 950 1845 ait:
979 1787 1049 1860 „iiie
1064 1786 1116 1845 tibi
1132 1788 1174 1845 vi-

202 1869 252 1928 vit.
275 1868 378 1928 redde
398 1870 481 1941 quod
501 1868 627 1928 debes.“
667 1870 783 1929 Deinde
811 1885 866 1943 per
890 1870 1034 1929 clostrum
1058 1887 1119 1944 qua
1139 1886 1174 1930 se

202 1951 403 2011 commissura
418 1953 587 2026 laxaverat,
610 1961 740 2027 quatuor
755 1952 921 2010 denarios'
914 1970 942 2009 ιιι
959 1952 1136 2011 tabernam
1129 1970 1173 2010 rn-

200 2035 297 2094 seruit
314 2040 361 2105 [ac
375 2034 464 2110 misit]
481 2050 598 2109 poenas
613 2053 631 2095 a
646 2051 681 2095 se
693 2034 819 2109 exigens
830 2033 978 2109 inprobae
989 2035 1171 2109 cupiditatis,

200 2133 238 2178 ne
254 2119 356 2176 alieno
372 2117 624 2178 adsuesceret.

262 2200 354 2259 XXII.
384 2200 468 2273 Quod
492 2201 609 2276 debes,
632 2217 745 2276 quaere
771 2203 819 2262 cui
844 2202 957 2261 reddas
983 2209 1013 2261 et
1038 2200 1063 2261 si
1085 2211 1218 2280 nemci

200 2289 325 2359 poscet,
348 2284 603 2358 ipseteadpetta.
631 2285 991 2365 malusanbonus[sit]‚
1015 2286 1079 2345 adt
1067 2292 1172 2345 tenen

199 2364 341 2461 pertinet.
368 2367 463 2426 redde
477 2373 534 2427 et
523 2377 688 2427 t.eaceusa
718 2370 829 2429 oblitus
845 2384 894 2440 οε,
919 2368 1174 2443 quemadmodum

199 2448 350 2510 intervos
365 2450 466 2509 oiiicia
482 2450 580 2511 divisa
595 2452 668 2511 sint:
692 2452 732 2510 iili
749 2453 861 2511 oblivio
877 2452 1024 2549 imperata
1038 2457 1099 2524 est,
1120 2451 1173 2510 tibi

199 2532 377 2591 meminisse
392 2533 611 2594 mandavimus.
647 2536 735 2594 Errat
749 2542 865 2606 tamen,
889 2537 915 2594 si
931 2536 999 2608 quis
1012 2533 1171 2604 existImat,

200 2631 269 2675 cum
290 2616 419 2675 dicimus
439 2632 507 2675 eum
530 2618 581 2691 qui
599 2618 783 2677 beneficium
804 2617 902 2690 dedit,
926 2617 1064 2676 oblivisci
1081 2632 1171 2687 opor·

197 2705 277 2772 tere,
298 2706 442 2757 excutere
456 2716 513 2760 nos
527 2701 568 2760 iiii
583 2701 756 2759 memoriam
772 2701 816 2758 rei
833 2698 1008 2773 praesertim
1021 2697 1171 2757 honestis-

199 2782 311 2841 sima-ea
335 2782 483 2855 quaedam
499 2785 702 2858 praecipimus
718 2784 796 2843 ultra
812 2783 950 2855 modum,
966 2789 999 2841 ut
1013 2782 1052 2839 ad
1067 2796 1171 2840 verum

198 2872 226 2923 et
247 2880 339 2924 suum
358 2866 493 2925 redeant.
534 2868 607 2925 Cum
628 2867 771 2926 dicimus:
794 2865 968 2925 meminisse
989 2882 1050 2924 non
1071 2865 1203 2938 debeti

197 2946 258 3007 hoc
277 2948 420 3008 volumus
442 2949 590 3023 intellegiz
615 2952 792 3024 praedicare
807 2966 867 3009 non
885 2951 975 3010 debet
988 2965 1045 3008 nec
1059 2950 1172 3008 iactare

197 3047 254 3090 nec
276 3032 379 3104 gravis
401 3048 482 3091 esse.
519 3033 644 3105 Quidam
661 3034 741 3093 enim
760 3033 957 3107 beneficium,
980 3033 1062 3107 quad
1078 3033 1171 3090 dede-

158 3155 162 3170 .
197 3121 281 3182 runt,
298 3114 438 3174 omnibus
454 3116 574 3175 circulis
590 3126 721 3176 narrant.
743 3117 802 3175 hoc
818 3116 912 3174 sobrii
928 3116 1098 3188 loquuntur,
1112 3115 1172 3171 hoc

197 3196 274 3255 ebrii
301 3212 377 3264 non
390 3199 558 3272 continent,
585 3198 645 3258 hoc
671 3200 782 3273 ignotis
803 3200 957 3269 ingerunt,
985 3196 1043 3255 hoc
1065 3194 1170 3253 amicis

197 3278 401 3339 committunt:
424 3288 456 3340 ιιι
470 3281 546 3340 haec
561 3282 652 3341 nimia
667 3290 697 3339 et
711 3278 925 3375 exprobratrix
939 3278 1084 3337 memoria
1099 3270 1170 3336 sub-

196 3362 329 3434 sideret,
352 3364 491 3423 oblivisci
512 3380 596 3437 cum,
619 3382 670 3438 qur
687 3364 782 3433 dedit
807 3363 966 3432 iussimus,
988 3369 1018 3421 et
1033 3361 1124 3435 plus
1117 3376 1170 3418 rm

195 3444 337 3519 peranda
354 3462 443 3520 quarn
461 3449 607 3520 praestari
623 3454 755 3521 poterat,
779 3446 930 3505 silentium
946 3446 1110 3505 suasimus.

257 3526 363 3586 XXIII.
387 3528 531 3601 Quotiens
548 3547 653 3605 parum
668 3531 799 3606 fiduciae
814 3536 860 3587 est
875 3530 904 3587 in
920 3529 976 3599 his
993 3527 1103 3601 quibus
1116 3524 1169 3585 im-
1186 3533 1201 3584 1

195 3625 303 3685 peres,
325 3613 456 3684 amplius
473 3620 519 3672 est
533 3615 716 3686 exigendum
732 3629 822 3687 quam
837 3618 885 3671 sat
899 3617 959 3681 est,
983 3617 1016 3669 ut
1036 3618 1171 3684 praeste-

194 3700 243 3753 tur
257 3701 405 3767 quantum
420 3702 468 3755 sat
482 3702 537 3754 est.
569 3697 602 3754 In
618 3697 676 3754 hoc
691 3697 789 3754 omnis
805 3693 974 3771 hyperbole
989 3694 1169 3766 extenditur,
1245 3726 1248 3731 -

194 3776 283 3837 atad
299 3791 405 3838 verum
420 3778 580 3837 mendacio
595 3779 705 3837 veniat.
727 3778 830 3853 itaque
845 3777 911 3852 iile,
931 3792 1002 3837 curn
1013 3776 1094 3835 dixit
