2942 4384
379 471 450 547 ‘un
472 487 684 549 1111111111
707 489 843 549 111111.
864 499 995 553 11-15.
1109 491 1170 554 115

194 659 280 719 mero
300 641 475 700 redemero:
496 639 568 698 nihil
590 642 716 700 debebis
733 642 819 714 mihi,
844 658 911 700 eum
926 651 956 701 te
971 646 1116 703 servitute
1133 662 1170 705 ae

194 726 323 785 vineatis
337 726 530 784 liberavero?
550 726 632 797 atqui
648 741 716 782 mea
731 726 763 783 id
774 741 868 784 eausa
885 728 1023 785 11111111.ιι
1051 728 1199 788 adver-4

194 826 248 869 sus
271 808 331 868 hoe
353 808 565 881 respondebo:
595 808 707 880 aliquid
730 809 797 866 istie
820 817 869 867 tua
891 812 1169 882 1111111111Ιί-

194 892 267 967 quid
283 906 366 950 mea=
387 899 446 962 tna,
464 892 545 963 quod
560 892 691 950 redimis.
713 892 766 950 tibi
779 894 856 949 enim
870 894 908 950 ad
922 894 1076 953 utititatem
1090 901 1170 952 tuam

193 976 270 1035 satis
287 982 335 1033 est
351 975 504 1048 quoslibet
518 974 695 1032 redemisse.
720 976 822 1048 itaque
837 975 934 1035 debeo
953 993 1012 1035 non
1026 979 1109 1051 quod
1122 994 1169 1035 re>

193 1060 284 1118 dimis
305 1073 368 1129 me,
399 1057 455 1115 sed
478 1057 561 1131 quod
577 1058 672 1129 erigis.
703 1066 826 1131 poteras
842 1060 920 1116 enim
938 1069 967 1119 et
981 1062 1106 1119 atterius
1122 1078 1169 1119 re—

192 1142 369 1215 demptione
390 1142 469 1199 idem
490 1143 637 1213 consequi
654 1142 736 1214 quod
752 1158 828 1200 mea.
863 1143 1024 1203 Utilitatem
1039 1144 1084 1203 rei
1101 1161 1168 1217 par·

194 1226 258 1284 tiris
280 1240 398 1282 meeum
415 1231 444 1282 et
458 1240 506 1281 me
525 1225 554 1282 in
569 1224 749 1281 beneficium
766 1226 878 1297 recipis
895 1228 1015 1285 duobus
1032 1229 1167 1299 prointu-

192 1325 271 1367 rum.
310 1310 445 1381 praefers
471 1322 518 1365 me
546 1306 632 1365 aliis:
665 1306 724 1365 hoc
750 1314 843 1365 totum
871 1325 937 1367 mea
962 1326 1057 1367 eausa
1083 1310 1168 1370 facis.

191 1393 301 1466 ltaque
325 1391 351 1448 si
373 1400 541 1463 praetorem
565 1397 593 1447 te
616 1390 731 1448 iactura
752 1396 835 1448 esset
856 1392 961 1449 decern
980 1392 1198 1465 eaptivornnrs

192 1474 381 1547 redemptio,
402 1475 506 1541 decem
523 1481 622 1532 autem
639 1475 696 1533 soii
711 1474 822 1547 captivi
836 1489 992 1545 essemus,
1015 1492 1103 1536 nomo
1118 1477 1169 1535 tibi

193 1560 360 1633 quiequam
376 1557 500 1616 deberet
515 1572 555 1616 ex
570 1557 667 1629 nobis,
688 1558 760 1630 quia
773 1557 843 1616 nihii
856 1558 996 1631 habereS,
1009 1561 1091 1632 quod
1106 1561 1168 1617 eui-

193 1658 287 1717 quam
307 1642 464 1714 inputares
486 1648 571 1699 aina
586 1639 711 1699 utilitate
726 1642 896 1700 seductum.
928 1644 992 1703 Non
1010 1659 1077 1701 sum
1093 1643 1168 1701 invi·

193 1727 254 1785 dns
276 1724 416 1784 beneficii
438 1724 587 1798 interpres
609 1740 665 1782 nee
687 1725 829 1784 desidero
855 1726 927 1785 ittnd
957 1726 1029 1785 mibi
1055 1735 1169 1789 tantum

193 1809 276 1879 dari,
299 1809 355 1866 sed
370 1816 399 1866 et
413 1808 493 1865 mibi.
515 1836 518 1844 ·

257 1891 335 1948 XIV.
358 1890 457 1964 „Quid
472 1906 561 1963 ergo,
582 1891 692 1965 inquit,
714 1892 739 1949 si
755 1892 784 1949 in
802 1902 913 1952 sortem
929 1894 1053 1952 nomina
1069 1898 1195 1953 restrat

193 1974 294 2034 conici
308 1974 466 2033 iussissem
483 1983 512 2033 et
526 1982 609 2034 tuum
625 1992 733 2033 nomen
746 1976 824 2034 inter
834 1977 1030 2035 redimendos
1043 1977 1167 2048 exisset,

192 2058 266 2116 nihii
283 2057 546 2142 deberes‘mihiw
570 2059 660 2116 immo
673 2058 832 2129 deberem,
852 2060 906 2116 sed
918 2060 1071 2131 exiguum.
1095 2056 1177 2131 quid

155 2131 163 2144 '
193 2142 232 2201 sit
255 2139 313 2199 hoe
336 2140 444 2199 dicam.
480 2141 605 2215 Aliquid
626 2141 693 2200 istic
712 2156 780 2200 mea
796 2157 890 2199 eausa
906 2143 996 2213 ineis,
1021 2143 1103 2215 quod
1120 2155 1197 2206 mea

192 2225 232 2283 ad
254 2225 404 2283 fortunam
425 2223 643 2298 redemptionis
664 2224 812 2282 admittis:
836 2226 918 2299 quod
942 2241 1051 2283 nomen
1068 2240 1168 2283 meum

192 2307 289 2384 exiit,
306 2309 380 2368 sorti
403 2306 516 2379 debeo,
546 2308 629 2381 qnod
645 2309 728 2378 exire
744 2308 855 2381 potuit,
876 2307 939 2365 tibi.
968 2310 1081 2367 aditum
1096 2307 1169 2366 mihi

192 2392 233 2449 ad
253 2390 435 2449 beneficium
457 2398 541 2449 tuum
562 2390 685 2461 dedisti,
707 2392 793 2450 euius
813 2390 957 2449 maiorem
977 2401 1091 2466 partem
1108 2394 1170 2451 t'or·

192 2483 285 2533 tunae
306 2474 420 2545 debeo,
445 2474 501 2532 sed
522 2474 580 2534 hoe
596 2474 696 2547 ipsum
713 2473 779 2543 tibi,
804 2475 886 2547 quod
902 2476 1040 2533 fortunae
1055 2476 1169 2534 debere
1185 2487 1190 2493 ’

192 2557 288 2631 potui.
324 2557 396 2615 litos
412 2572 449 2614 ex
462 2564 524 2616 toto
537 2558 725 2631 praeteribo,
743 2573 872 2629 quorum
885 2559 1102 2616 mercenarium
1116 2560 1196 2616 bes

192 2639 340 2698 neiieium
352 2648 407 2697 est.
431 2641 514 2713 qnod
529 2642 580 2714 qui
597 2641 660 2710 dat,
682 2656 742 2699 non
759 2647 903 2713 conputat
916 2641 978 2710 eui,
995 2641 1050 2698 sed
1064 2640 1169 2712 quanti

193 2725 322 2782 daturus
345 2723 396 2795 sit,
418 2725 501 2797 qnod
516 2724 652 2797 undique
667 2723 696 2780 in
713 2738 747 2780 se
764 2737 947 2781 conversum
963 2730 1018 2781 est.
1055 2722 1168 2780 Vendit

192 2806 266 2864 mibi
289 2806 400 2879 atiquis
420 2808 610 2865 trumentum.
639 2807 817 2864 virerenon
836 2822 964 2879 possum
982 2806 1039 2864 nisi
1054 2821 1167 2864 emero.

192 2890 248 2948 sed
265 2905 326 2947 non
343 2890 440 2948 debeo
455 2889 561 2959 vitam,
583 2890 654 2963 qnia
670 2890 737 2947 emi.
774 2890 836 2948 Nee
853 2906 944 2968 qnam
960 2889 1197 2949 necessarimm
1221 2922 1223 2925 >

191 2973 283 3032 suerit
304 2973 447 3047 aestimo,
471 2974 537 3031 sine
560 2989 621 3047 quo
637 2975 773 3031 vietnrus
790 2990 850 3031 non
865 2973 923 3045 tui,
946 2975 1001 3032 sed
1018 2990 1108 3047 quam
1124 2975 1167 3031 in·

192 3063 327 3129 gratum,
351 3057 435 3129 quod
456 3073 516 3115 non
538 3056 712 3115 habuissem
735 3056 795 3115 nisi
816 3058 972 3127 emissem,
997 3058 1025 3114 in
1043 3073 1104 3129 quo
1123 3058 1185 3115 in-'

191 3139 335 3197 vehendo
356 3147 505 3199 mereator
526 3156 587 3200 non
607 3140 767 3211 cogitavit,
792 3149 937 3214 qnantum
959 3140 1062 3197 auxilii
1084 3140 1166 3197 adta-

192 3230 278 3281 turus
294 3229 378 3281 esset
392 3223 477 3295 mihi,
501 3223 558 3282 sed
574 3230 717 3297 quantum
735 3224 810 3280 lucri
825 3222 893 3279 sibi.
930 3220 1017 3292 Quod
1033 3222 1091 3279 emi
1107 3237 1167 3279 non

192 3304 302 3364 debeo.

252 3389 319 3447 XV.
348 3389 430 3460 „Isto
453 3390 560 3463 modo,
583 3389 693 3462 inquit,
715 3403 773 3447 nee
792 3386 911 3447 medico
933 3387 1097 3461 quiequam
1115 3388 1195 3446 del

192 3473 264 3531 bere
287 3480 316 3531 te
337 3473 394 3531 nisi
417 3475 618 3534 mercedulam
634 3472 710 3530 dieis
726 3487 783 3530 nee
799 3472 1004 3546 praeceptori,
1028 3471 1099 3545 quia
1114 3472 1166 3529 ati-

192 3557 265 3629 quid
282 3556 507 3615 numeraverim
529 3557 613 3631 atqui
626 3556 759 3615 omnium
771 3556 880 3616 horum
893 3556 975 3628 apud
988 3570 1044 3613 nos
1058 3571 1168 3629 magna

191 3640 317 3712 earitaS,
345 3656 454 3712 magna
476 3640 646 3699 reverentia
668 3643 745 3699 est.“
780 3641 940 3698 Adversus
962 3638 1022 3697 hoe
1037 3647 1196 3713 respon-2

191 3724 294 3797 detur,
309 3724 458 3798 quaedam
471 3724 568 3799 pluris
579 3739 750 3800 essequam
760 3730 908 3782 emuntur.
928 3722 1004 3781 emis
1016 3738 1035 3781 a
1047 3722 1165 3782 medico

972 3804 1012 3867 g*
