2942 4384
346 475 348 478 ’
392 450 532 558 aaron.
548 496 710 570 ouansr.
729 498 801 556 ma
815 498 850 556 u.
872 508 915 561 aa.
931 504 975 561 a.
1072 540 1077 548 -
1108 501 1169 564 211

197 656 411 709 contemneres
425 664 507 719 eum,
532 648 582 721 qui
600 648 677 705 inter
692 648 843 721 perituros
859 648 1040 709 constitutus
1056 651 1170 712 benefi-

197 733 236 791 cii
252 733 320 791 loco
337 738 468 805 peteret,
483 738 516 790 ut
532 729 651 789 ultimus
669 731 818 789 cervicem
832 734 1009 805 praeberet?
1028 735 1111 792 Idem
1127 737 1140 793 l
1160 768 1170 776 -

197 816 312 874 cimus:
334 829 444 887 magno
465 815 659 873 aestimamus
681 813 797 873 tardius
812 817 897 874 mori.
927 817 960 873 ln
976 832 1081 875 omnes
1099 826 1203 878 con-8

197 896 334 957 stitutum
355 904 403 955 est
423 895 551 971 capitale
571 898 753 971 supplicium
775 903 804 955 et
819 898 940 971 quidem
957 901 1171 960 constitutione

197 979 375 1040 iustissima.
404 996 488 1050 nam,
515 981 598 1053 quod
618 996 760 1052 magnum
782 983 861 1039 solet
875 997 946 1040 esse
961 984 1101 1043 solatium
1118 1000 1169 1042 ex-

195 1071 294 1123 trema
309 1065 463 1137 passuris,
482 1079 610 1136 quorum
624 1066 728 1123 ecdem
741 1079 851 1137 causa,
868 1071 897 1123 et
912 1082 980 1125 sors
991 1067 1097 1125 eadem
1114 1075 1169 1126 est.

197 1146 242 1205 Si'
254 1153 454 1219 seqteremur
473 1146 571 1204 traditi
589 1163 608 1204 a
627 1146 727 1204 iudice
748 1154 800 1205 aut
816 1148 1009 1222 magistratu,
1036 1148 1169 1209 carnifici

195 1236 303 1294 nostro
326 1236 549 1301 praestaremus
573 1228 770 1303 obsequium:
792 1231 865 1303 quid
887 1233 1012 1290 interest
1032 1233 1070 1290 ad
1091 1251 1169 1293 mor-

195 1319 256 1371 tem
275 1311 352 1370 iussi
368 1327 471 1370 eamus
487 1328 525 1369 an
541 1312 622 1369 notit
651 1312 673 1371 0
696 1320 724 1370 te
741 1313 910 1371 dementem
926 1321 955 1372 et
970 1314 1095 1382 oblitum
1111 1318 1168 1375 lra·
1185 1327 1202 1379 9

195 1396 317 1469 gilitatis
332 1401 419 1467 tuae,
436 1395 461 1452 si
479 1402 548 1453 tunc
563 1401 689 1453 mortem
704 1396 807 1466 timeS,
831 1411 899 1454 cum
915 1403 1012 1455 tonat!
1041 1398 1124 1456 Itane
1139 1401 1168 1457 in

194 1478 255 1537 hoc
270 1479 355 1537 salus
372 1484 421 1535 tua
434 1478 579 1536 vertitur?
600 1478 703 1550 vives,
720 1479 747 1537 si
763 1479 873 1538 tulmen
886 1478 1050 1553 effugeris?
1070 1483 1168 1555 Repe·

194 1567 236 1620 tet
250 1566 282 1619 te
296 1560 424 1633 gladius,
442 1568 524 1633 petet
541 1559 634 1634 lapis,
652 1562 761 1635 perdet
775 1561 858 1619 bilis:
881 1577 940 1620 non
957 1564 1118 1623 maximum
1130 1582 1168 1623 ex

195 1644 341 1717 perieulis
355 1644 430 1716 tuis,
447 1643 503 1701 sed
518 1643 782 1717 speciosissimum
797 1646 909 1703 tulmen
924 1652 979 1704 est.
1006 1646 1085 1706 Male
1107 1650 1212 1709 sci-10

194 1727 264 1785 licet
284 1732 385 1785 aetum
408 1726 464 1786 erit
485 1734 598 1798 tecum,
620 1727 645 1785 si
667 1744 792 1787 sensum
812 1730 918 1788 mortis
944 1736 1014 1788 tuae
1031 1731 1168 1790 celeritas

193 1808 314 1868 infinita
334 1809 523 1883 praeveniet,
547 1810 572 1869 si
594 1826 676 1869 mors
697 1819 750 1870 tua
771 1819 965 1884 procuratur,
992 1814 1017 1871 si
1039 1829 1077 1871 ne
1098 1823 1169 1874 tunc

195 1892 336 1966 quidem,
360 1909 427 1951 cum
449 1893 605 1966 exspiras
626 1909 854 1967 supervacuus,
881 1896 935 1952 sed
958 1896 1084 1955 alicuius
1107 1914 1168 1955 ma-

193 1990 275 2049 gnae
294 1975 339 2033 rei
360 1976 480 2049 signum
500 1991 544 2034 es.
577 1973 656 2033 Male
677 1977 793 2035 scilicet
806 1977 903 2049 agitur
918 1984 1031 2049 tecum,
1059 1980 1168 2039 sicum

194 2056 322 2118 fulmine
337 2059 488 2118 conderis.
518 2058 580 2117 Sed
596 2060 737 2132 pavescis
761 2060 798 2117 ad
821 2059 898 2118 coeli
921 2062 1069 2134 fragorem
1086 2070 1115 2120 et
1130 2065 1209 2123 adn

193 2142 286 2200 inane
302 2140 438 2201 nubilum
452 2142 586 2215 trepidas
603 2148 648 2215 et,
670 2142 811 2215 quotiens
833 2144 947 2216 aliquid
967 2144 1094 2217 effulsit,
1116 2162 1168 2203 ex·

194 2225 307 2298 spiras.
347 2226 420 2299 quid
445 2231 540 2297 ergo?
571 2224 728 2284 honestius
751 2233 840 2298 putas
867 2226 1043 2298 defectione
1067 2229 1168 2301 perire

195 2322 288 2382 quam
309 2308 453 2366 fulminet
486 2323 523 2366 eo
545 2307 647 2379 itaque
669 2308 775 2367 sortior
797 2310 946 2369 adversus
970 2311 1046 2369 coeli
1070 2311 1167 2370 minas

195 2406 289 2463 surge
306 2397 348 2463 et,
371 2406 438 2450 cum
453 2390 588 2464 undique
603 2392 734 2451 mundus
757 2394 885 2463 exarsit,
913 2395 1013 2465 cogita
1027 2394 1100 2453 nihil
1115 2395 1166 2453 ha-

193 2475 269 2533 bere
284 2482 312 2534 te
326 2480 409 2532 tanta
424 2481 520 2533 morte
537 2473 734 2546 perdendum.
772 2474 860 2546 Quod
876 2475 902 2533 si
920 2476 969 2533 tibi
988 2477 1089 2549 parari
1104 2494 1168 2536 cre·
1176 2484 1209 2534 12

194 2558 242 2616 dis
266 2556 346 2615 illam
368 2556 446 2616 coeli
468 2556 699 2629 contusionem,
721 2557 800 2614 illam
823 2564 1034 2631 tempestatum
1050 2560 1165 2619 discor-

193 2641 290 2712 diam,
307 2640 332 2699 si
349 2648 472 2713 propter
486 2647 515 2698 te
529 2639 666 2711 ingestae
681 2640 850 2712 inlisaeque
861 2641 959 2699 nubes
971 2647 1123 2714 strepunt,
1140 2645 1167 2701 si

192 2725 222 2781 in
247 2731 332 2787 tuum,
353 2724 476 2782 exitium
496 2727 579 2782 tanta
598 2723 711 2795 ignium
728 2722 773 2780 vis
789 2724 953 2782 excutiturz
976 2730 1007 2782 at
1020 2733 1051 2783 tu
1067 2724 1166 2783 solatii

192 2808 264 2865 loco
287 2821 412 2865 numera
433 2806 506 2865 tanti
521 2819 592 2863 esse
613 2812 739 2863 mortem
758 2811 850 2863 tuam.
873 2804 934 2864 Sed
952 2823 1011 2865 non
1028 2809 1083 2866 erit
1097 2807 1167 2867 huic
1175 2814 1209 2866 13

194 2888 370 2963 cogitationi
390 2891 494 2949 locus:
516 2904 608 2947 casus
623 2889 681 2946 iste
697 2889 791 2946 durrat
804 2896 916 2947 metum
933 2899 962 2949 et
974 2890 1051 2949 inter
1066 2900 1168 2951 cetera

192 2972 253 3033 hoe
274 2987 399 3046 quoquc
423 2971 616 3031 commodum
636 2978 684 3030 est
705 2972 786 3044 eius,
809 2974 892 3045 quod
907 2976 1167 3048 exspectationem

192 3072 282 3115 suam
297 3056 456 3115 antecedit.
485 3055 579 3113 Nemo
596 3071 738 3128 umquam
754 3054 850 3115 timuit
864 3056 992 3129 fulmen,
1008 3058 1067 3118 nisi
1083 3060 1166 3133 quod

193 3138 311 3213 effugit.
