2942 4384
329 435 393 499 236
616 434 650 495 L.
671 432 817 495 ΑΝΝᾹΕΙ
839 421 1014 496 SENECAE

329 592 425 663 illam,
449 587 571 665 quaein
588 586 825 660 conflagratione
839 586 952 647 nostris
967 587 1081 661 placet,
1102 587 1163 648 huc
1179 605 1301 665 quoque

329 674 570 733 transferendam
591 678 680 745 puto:
707 670 775 728 sive
795 670 895 729 anima
910 678 965 730 cst
981 671 1129 744 mundus,
1152 672 1221 732 sive
1236 690 1298 733 cor-

330 773 389 832 pus
405 763 512 815 natura
527 753 737 828 gubernabile,
760 760 793 813 ut
807 754 933 812 arbores
950 762 1070 827 elsatia,
1085 755 1125 813 ab
1137 754 1224 816 initio
1236 758 1300 816 eins

329 856 429 913 usque
449 839 488 897 ad
509 838 623 896 exitum
643 835 787 910 quicquid
805 836 922 907 lacere,
945 836 1090 912 quicquid
1105 838 1167 911 pali
1183 839 1299 911 debeat,

265 923 269 932 ⁴
296 923 477 985 binclusum
497 926 553 979 est.
595 918 682 978 Utin
707 919 823 979 semine
845 918 943 977 omnis
968 920 1059 978 iuturi
1076 920 1210 980 hominis
1225 924 1300 981 ratio

330 1003 540 1077 conprehensa
560 1009 608 1061 est
628 1008 657 1060 et
678 1002 775 1074 legem
796 1001 909 1060 barbae
935 1017 1142 1077 canorumque
1167 1006 1299 1065 nondum

328 1094 416 1146 natus
431 1086 531 1145 inians
542 1084 641 1156 habet,
657 1082 750 1143 totius
764 1084 841 1142 enim
854 1086 993 1158 corporis
1006 1091 1036 1145 et
1046 1087 1204 1160 sequentis
1216 1097 1300 1147 actus

328 1169 357 1227 in
381 1185 475 1243 parvo
497 1168 680 1241 occultoque
701 1166 883 1226 lineamenta
905 1175 995 1227 sunt:
1023 1168 1068 1227 sic
1090 1168 1176 1243 origo
1195 1172 1299 1230 mundi

327 1268 389 1311 non
403 1253 502 1309 minus
518 1251 613 1309 solem
630 1257 659 1310 et
673 1250 774 1309 lunam
789 1256 819 1309 et
833 1250 917 1309 vices
934 1251 1066 1310 siderum
1082 1258 1112 1310 et
1127 1253 1299 1313 animalium

329 1343 413 1395 ortus
436 1351 527 1408 quam
549 1334 660 1407 quibus
681 1339 868 1391 mutarentur
887 1340 1007 1393 terrena
1027 1334 1183 1395 continuit.
1206 1336 1239 1394 in
1256 1337 1299 1395 his

328 1418 383 1477 luit
397 1418 568 1488 inundatio,
592 1432 670 1490 quae
684 1407 745 1474 non
758 1432 849 1474 secus
862 1432 954 1489 quam
964 1415 1077 1490 hiems,
1094 1434 1186 1491 quam
1197 1428 1298 1479 aestas

295 1511 313 1563 4
328 1501 395 1574 lege
407 1500 520 1559 mundi
535 1498 624 1558 venit.
662 1498 767 1573 ltaque
782 1514 842 1556 non
859 1498 961 1572 pluvia
976 1498 1057 1558 istud
1071 1500 1139 1573 liet,
1161 1502 1221 1561 sed
1235 1504 1298 1576 plu-

329 1584 377 1642 via
397 1598 536 1658 quoque,
559 1596 620 1640 non
640 1582 765 1640 incursu
786 1581 894 1654 maris,
917 1581 973 1640 sed
995 1581 1086 1642 maris
1107 1600 1234 1659 quoque
1256 1585 1297 1643 in*

327 1680 434 1738 eursu,
454 1681 513 1723 non
529 1671 740 1735 terraemotu,
759 1664 816 1721 sed
827 1672 925 1723 terrae
937 1680 1061 1739 quoque
1073 1672 1166 1725 motu.
1195 1666 1299 1726 Omnia

326 1746 513 1807 adiuvabant
532 1753 683 1818 naturam,
710 1752 744 1805 ut
768 1747 932 1805 constituta
957 1755 1081 1807 naturae
1105 1759 1298 1824 peragantur.

326 1828 486 1888 maximam
509 1838 607 1888 tamen
629 1844 753 1888 causam
773 1830 813 1888 ad
833 1844 868 1889 se
888 1830 1092 1890 innodandam
1110 1838 1193 1891 terra
1208 1834 1298 1908 [ipsa]

327 1913 506 1988 praestabit,
530 1928 619 1986 quam
641 1911 773 1971 diximus
787 1928 859 1971 esse
874 1912 1045 1972 mutabilem
1059 1920 1089 1973 et
1104 1915 1184 1973 solvi
1199 1917 1230 1974 in
1245 1918 1297 1975 hu-

296 2003 312 2055 5
327 2011 451 2055 morem.
487 1996 567 2069 Ergo
585 1995 841 2070 quandocumque
856 1996 912 2055 erit
928 1996 1071 2056 lemninus
1084 1996 1179 2057 rebus
1194 1998 1297 2059 huma-

327 2081 390 2152 nis,
418 2095 485 2139 cum
507 2084 608 2153 partes
630 2078 695 2137 eius
716 2078 837 2137 interire
858 2078 1018 2139 debuerint
1036 2078 1217 2155 abolerique
1232 2082 1297 2141 iun·

327 2163 407 2223 ditus
428 2170 525 2234 totae,
547 2168 580 2221 ut
596 2161 635 2219 de
651 2161 768 2233 integro
783 2167 864 2220 totae
878 2162 972 2221 rudes
987 2162 1194 2239 innoxiaeque
1208 2179 1296 2239 gene

325 2251 429 2304 rentur
454 2260 511 2303 nee
537 2244 671 2317 supersit
694 2244 723 2302 in
740 2244 901 2320 ,deteriora
926 2252 1122 2319 praecept0r=
1151 2248 1222 2321 plus
1248 2249 1297 2307 fiet

324 2326 462 2386 humoris
485 2342 575 2401 quam
595 2341 718 2400 semper
739 2326 803 2386 luit.
833 2343 914 2387 nunc
935 2328 1014 2387 enim
1034 2330 1184 2389 elementa
1205 2330 1295 2400 adid,

327 2410 410 2483 quod
434 2404 574 2482 debetur,
596 2424 692 2484 pensa
712 2417 798 2469 sunt=
826 2410 939 2484 aliquid
962 2419 1083 2485 oportet
1099 2412 1187 2474 alleri
1202 2415 1294 2483 cedat,

325 2500 359 2553 ut
380 2508 459 2566 quae
480 2492 656 2552 libramento
678 2498 772 2564 stant,
800 2492 999 2567 inaequalitas
1024 2494 1143 2555 turbet:
1172 2496 1296 2555 accedet

325 2575 434 2635 humor
447 2576 574 2635 humori.
597 2591 677 2635 nunc
691 2575 770 2634 enim
787 2575 894 2649 habet,
911 2593 971 2651 quo
983 2576 1094 2637 ambiat
1105 2585 1219 2652 terras,
1236 2595 1293 2638 non

326 2675 387 2733 quo
410 2660 526 2719 obruat.
556 2657 702 2733 quicquid
724 2659 765 2717 illi
785 2658 950 2733 adieceris,
973 2676 1103 2721 necesse
1117 2668 1165 2721 est
1179 2660 1211 2720 in
1225 2661 1293 2720 alie

294 2748 311 2801 6
326 2759 396 2802 num
417 2744 516 2801 locum
533 2742 676 2802 exundet.
709 2742 789 2800 Vide
804 2757 894 2816 ergo,
913 2759 952 2803 ne
966 2750 1046 2802 terra
1059 2744 1172 2804 lrabeat
1187 2746 1292 2814 minus,

324 2832 357 2885 ut
378 2823 517 2883 validiori
536 2824 654 2884 infirma
675 2825 862 2884 succumbat.
883 2826 1007 2899 incipiet
1021 2841 1094 2899 ergo
1109 2834 1292 2902 putrescerc,

326 2906 436 2966 dehinc
458 2908 557 2965 laxata
576 2907 620 2966 ire
641 2907 671 2964 in
692 2906 850 2967 humorem
871 2917 901 2968 et
918 2909 1048 2969 adsidua
1062 2909 1132 2970 tabe
1147 2908 1292 2969 defluere.
1337 2966 1338 2973 ,

324 2997 396 3048 tunc
410 2989 551 3047 exsilient
565 2988 621 3048 sub
637 2988 789 3050 montibus
805 2990 930 3049 flumina
942 2993 1092 3067 ipsosque
1103 2991 1208 3068 inpetu
1221 3010 1291 3067 qua-

292 3080 308 3134 t
324 3072 409 3131 tient=
432 3071 503 3129 inde
518 3087 592 3131 aura
605 3078 684 3130 tacta
695 3074 867 3133 manabunt.
903 3074 1007 3135 Solum
1018 3091 1107 3135 omne
1118 3091 1216 3149 aquas
1227 3076 1291 3134 red·

324 3154 389 3225 det,
412 3154 521 3213 summi
542 3154 707 3215 scaturiant
727 3162 856 3215 montes.
890 3158 969 3217 sicut
988 3158 1018 3216 in
1038 3157 1177 3217 morbum
1196 3165 1292 3217 trans—

323 3243 395 3298 eunt
409 3254 486 3297 sana
500 3245 529 3297 et
543 3237 637 3299 ulceri
651 3237 751 3297 vicina
767 3240 973 3314 consentiunt,
994 3249 1027 3301 ut
1038 3256 1180 3315 quaeque
1191 3242 1291 3314 proxi-

322 3337 372 3380 ma
386 3323 474 3380 terris
490 3320 653 3380 liuentibus
667 3321 790 3393 luerint,
813 3322 959 3396 ementur,
976 3324 1130 3384 stillabunt
1140 3330 1171 3383 et
1181 3323 1292 3383 deinde

323 3412 444 3463 current
462 3410 492 3462 et
507 3403 608 3463 ltiante
623 3405 760 3477 pluribus
778 3406 855 3474 locis
871 3421 948 3467 saxo
966 3423 1023 3481 par
1039 3407 1147 3467 fretum
1162 3407 1252 3466 saliet
1265 3414 1293 3465 et
1335 3365 1338 3482 l

321 3486 417 3546 maria
437 3487 514 3545 inter
533 3501 568 3546 se
587 3494 749 3560 conponet
778 3490 851 3569 nibil
873 3495 959 3547 erunt
977 3489 1089 3564 Adria,
1110 3489 1182 3548 nihil
1200 3488 1292 3549 Siculi

321 3570 413 3629 maris
433 3570 554 3640 lauces,
577 3568 649 3627 nihil
673 3571 857 3647 Charybdis,
880 3571 951 3631 nibil
971 3570 1092 3650 Scylla=
1114 3587 1222 3632 omnes
1240 3588 1291 3632 no-

322 3668 393 3712 vum
410 3667 492 3713 mare
508 3652 626 3713 fabulas
643 3653 750 3713 obruet
764 3661 794 3715 et
809 3654 874 3729 hic,
894 3656 945 3729 qui
961 3662 1057 3716 terras
1072 3654 1179 3731 cingit,
1203 3670 1290 3717 ocea
