2942 4384
270 488 333 555 184
577 490 611 550 L.
631 490 779 552 ANNAEI
801 488 975 551 SENECAE

238 641 330 704 5tur=
361 650 392 703 at
411 640 464 701 ubi
485 647 662 717 quaeretur,
687 640 756 713 quis
778 645 877 698 terrae
898 639 974 699 situs
995 639 1049 713 sit,
1077 657 1139 714 qua
1160 651 1241 717 parte

264 726 369 786 mundi
391 725 578 795 consederit,
603 723 758 797 quomodo
779 722 929 781 adversus
945 722 1048 781 sidera
1063 725 1240 800 coetumque

265 809 366 884 posita
380 808 433 879 sit,
449 807 525 865 haee
543 805 682 879 quaestio
698 805 788 864 cedet
802 803 1012 878 superioribus
1027 812 1072 880 et,
1093 814 1127 867 ut
1143 808 1185 867 ita
1201 809 1240 867 di-

266 907 347 963 cam,
369 891 523 948 meliorem
539 888 751 947 condicionem
765 893 919 960 sequetur.

237 974 249 1023 l
324 974 361 1031 ll.
383 972 528 1046 Quoniam
548 971 611 1029 dixi
631 970 669 1029 de
692 968 846 1045 partibuS,
869 969 900 1027 in
922 984 1000 1044 quas
1021 972 1122 1033 omnis
1142 987 1240 1032 rerum

265 1063 391 1116 naturae
407 1054 529 1112 materia
544 1052 702 1127 dividitur,
720 1051 904 1126 quaedam
924 1052 960 1110 in
976 1068 1174 1113 commune
1189 1054 1240 1113 di·

266 1138 491 1198 eendasunt
507 1136 625 1194 ethoe
644 1136 804 1209 primum
825 1136 1168 1207 praesumendum,
1188 1137 1239 1195 in·

266 1229 377 1281 terea
392 1234 573 1293 corpora,
590 1224 631 1289 [a]
648 1216 932 1292 quibusunitas
947 1223 1020 1290 est,
1037 1221 1129 1277 aera
1144 1234 1260 1287 esse,

153 1338 156 1344 ,
233 1302 251 1353 2
267 1304 345 1377 Quid
361 1302 400 1360 sit
417 1302 485 1375 hoc,
502 1317 596 1375 quare
612 1299 861 1374 praecipiendum
875 1300 978 1371 suerit,
996 1300 1093 1372 scies,
1108 1300 1135 1359 si
1152 1304 1240 1374 panto

266 1388 356 1445 altius
377 1385 527 1458 repetiero
545 1390 574 1442 et
585 1384 691 1441 dixero
708 1398 779 1441 esse
794 1380 909 1454 aliquid
925 1383 1116 1456 continuum,
1129 1383 1241 1456 aliquid

266 1468 472 1529 commissum.
501 1466 755 1525 continuatio.
768 1470 815 1523 est
837 1464 965 1537 partium
980 1463 1057 1523 inter
1072 1481 1108 1523 sc
1121 1482 1185 1525 non
1200 1465 1239 1524 in-

267 1551 407 1611 termissa
422 1549 605 1607 coniunctio.
637 1564 681 1605 un
691 1548 767 1605 itas
790 1548 918 1631 estsine
933 1546 1134 1606 commissura
1150 1546 1249 1608 conti·

267 1632 385 1702 nuat10‚
402 1638 431 1690 et
446 1634 647 1702 [commissura
658 1630 710 1704 est]
726 1629 856 1688 duorum
871 1630 948 1689 inter
962 1645 997 1687 se
1012 1630 1241 1691 coniunctorum
1278 1663 1281 1678 ι

235 1722 252 1775 3
268 1728 430 1788 corporum
445 1719 551 1771 tactus.
578 1711 730 1784 Numquid
746 1712 870 1770 dubium
886 1719 947 1784 cst,
969 1712 1041 1785 quin
1059 1727 1099 1770 cx
1113 1712 1163 1772 his
1179 1729 1240 1773 cor·

266 1796 409 1872 poribus,
432 1810 511 1868 quac
530 1795 668 1854 videmus
684 1800 925 1868 tractamusque,
948 1810 1028 1868 quae
1042 1791 1096 1853 aut
1109 1797 1240 1855 sentiun-

266 1888 315 1939 tur
330 1884 381 1936 aut
398 1876 545 1949 sentiunt,
567 1877 717 1950 quaedam
733 1877 793 1935 sint
809 1883 820 1949 [
826 1879 989 1951 conposita,
1005 1879 1155 1951 quaedam
1168 1882 1240 1948 non]

269 1959 451 2035 conpositae
486 1961 536 2019 itta
561 1966 701 2019 constant
726 1966 778 2018 aut
801 1975 883 2018 nexu
907 1967 958 2019 aut
978 1962 1188 2036 enervatione,
1214 1967 1243 2019 ut

268 2052 342 2120 puta
357 2045 452 2118 iuniS,
468 2043 663 2115 frumentum,
680 2043 801 2114 [navist
819 2059 927 2102 rursus
944 2060 1003 2102 non
1019 2044 1198 2118 conposita,
1212 2050 1243 2101 ut

270 2129 375 2201 arbor,
402 2127 491 2200 lapis.
525 2127 606 2199 Ergo
629 2123 783 2183 concedas
804 2132 938 2199 oportet,
964 2142 1003 2184 ex
1028 2124 1077 2183 his
1109 2142 1241 2200 qunque,

270 2225 349 2285 quare
371 2225 496 2269 sensum
518 2209 639 2283 quidem
666 2208 828 2281 effugiunt,
855 2216 986 2267 ceterum
1011 2208 1130 2267 ratione
1155 2224 1242 2283 pren-

236 2293 255 2345 4
270 2294 395 2365 duntur,
411 2307 482 2349 esse
494 2292 523 2348 in
537 2290 717 2364 quibusdam
729 2291 872 2349 unitatem
884 2306 1056 2364 corporum.
1074 2292 1155 2349 Vide
1169 2308 1242 2365 quo·

269 2376 362 2433 modo
384 2374 508 2432 auribus
534 2373 593 2432 tuis
621 2388 760 2445 paream:
790 2372 937 2447 expedire
964 2389 1012 2431 me
1038 2381 1192 2447 poteram,
1217 2375 1243 2433 si

269 2455 520 2532 philosophorum
540 2456 644 2529 lingua
663 2457 705 2514 uti
719 2456 907 2530 noluissem,
933 2463 966 2515 ut
985 2456 1117 2515 dicerem
1138 2455 1244 2515 unita

270 2556 362 2615 corp
372 2555 446 2598 ora.
463 2539 522 2599 hoc
537 2554 603 2598 cum
619 2538 672 2596 tibi
686 2540 847 2609 remittam,
863 2544 896 2597 tu
911 2539 1039 2597 invicem
1056 2537 1152 2611 [mihi]
1166 2540 1245 2598 refer

269 2624 403 2698 gratiam.
435 2622 532 2695 Quare
546 2621 647 2680 istud?
668 2620 833 2695 siquando
850 2620 956 2681 dixero
971 2638 1078 2692 unum,
1101 2621 1244 2680 memine«

268 2706 311 2766 ris
327 2722 375 2765 me
389 2722 448 2765 non
468 2707 507 2765 ad
523 2719 679 2763 numerum
694 2704 823 2775 referre,
846 2704 902 2762 sed
920 2703 959 2762 ad
981 2711 1118 2763 naturam
1133 2720 1243 2777 corpo·

269 2789 312 2848 ris
324 2790 406 2848 nulia
421 2804 480 2862 ope
495 2795 634 2860 externa,
651 2788 706 2846 sed
718 2788 832 2845 unitate
843 2801 901 2846 sua
912 2786 1110 2845 cohaerentis.
1125 2786 1172 2845 Ex
1186 2787 1244 2845 hac

269 2879 343 2929 nota
357 2885 517 2943 corporum
534 2885 585 2927 aer
599 2877 654 2926 est.

239 2964 255 3013 1
330 2952 379 3009 ΙΙΙ.
404 2952 510 3009 Omnia
531 2952 660 3026 quaein
681 2952 816 3011 notitiam
838 2958 972 3011 nostram
995 2951 1106 3011 cadunt
1127 2957 1180 3011 aut
1194 2966 1243 3009 ca·

270 3034 344 3094 dere
360 3042 505 3108 possunt,
520 3033 651 3093 mundus
668 3034 877 3108 conplectitur.
900 3050 939 3093 ex
952 3035 999 3093 his
1013 3033 1165 3108 quaedam
1177 3035 1244 3092 eius

269 3129 374 3193 partes
399 3126 488 3191 sunt,
513 3117 663 3191 quaedam
683 3117 827 3176 materiae
848 3118 917 3177 loco
938 3118 1050 3176 relicta.
1091 3116 1245 3175 desiderat

270 3202 348 3274 enim
364 3200 461 3261 omnis
474 3208 580 3259 natura
594 3201 759 3272 materiam,
776 3200 854 3258 sieut
871 3216 921 3259 ars
934 3200 1047 3274 omniS,
1064 3215 1144 3273 quac
1155 3215 1245 3257 manu

238 3292 398 3344 recnstat.
432 3283 510 3357 Quid
532 3282 663 3354 sithoc,
688 3283 821 3357 apertius
844 3283 962 3341 faciam.
994 3282 1067 3341 Pars
1088 3289 1135 3341 est
1149 3280 1244 3339 nostri

270 3368 393 3437 oculus,
409 3382 531 3438 manuS,
547 3380 635 3437 ossa,
651 3367 752 3424 nervi:
776 3365 900 3423 materia
912 3362 1023 3424 suc'cus
1039 3364 1170 3424 recentis
1186 3364 1245 3421 cibi

270 3450 366 3509 iturus
381 3450 410 3506 in
427 3456 537 3522 partes.
565 3464 670 3507 rursus
684 3448 773 3521 qrrasi
790 3463 861 3521 pars
876 3455 924 3506 est
941 3449 1065 3521 sanguis
1081 3446 1191 3505 nostri:
1217 3458 1247 3503 et

270 3541 371 3592 tamen
390 3537 436 3589 est
454 3529 587 3589 materia.
617 3538 779 3604 praeparat
793 3530 918 3588 enimet
932 3529 991 3588 alia
1006 3537 1036 3589 ct
1051 3528 1245 3588 nihilominus

272 3628 376 3672 eorum
392 3621 452 3685 est,
470 3613 579 3686 quibus
596 3619 688 3671 totum
704 3628 817 3686 corpus
833 3612 971 3669 efficitur.

242 3704 258 3753 1
334 3696 386 3755 IV.
412 3695 463 3755 Sic
483 3695 587 3754 mundi
610 3711 681 3769 pars
704 3702 752 3786 est
772 3710 824 3754 aer
851 3696 899 3771 [et]
922 3693 1045 3767 quidem
1059 3693 1245 3754 necessaria.
