2942 4384
264 482 326 547 116
550 483 584 541 L.
606 480 754 541 ANNAEI
774 479 948 541 SENECAE

263 650 328 694 rem
342 632 606 706 inaestimabilem,
630 631 721 690 vitam
736 646 774 692 ac
788 630 982 691 valitudinem
998 632 1129 707 bonam,
1153 636 1232 697 abc-

264 734 369 777 narum
391 716 498 776 artium
521 724 721 791 praeceptore
742 715 844 774 studia
865 714 1003 775 liberalia
1023 724 1054 775 et
1070 718 1164 777 animi
1178 722 1232 779 cut-

264 808 341 860 tum=
369 799 471 873 itaque
492 799 539 858 bis
564 816 624 857 non
646 799 689 856 rei
711 799 857 871 pretium,
885 798 943 857 sed
964 814 1079 873 operae
1099 800 1232 873 solvitur,

264 884 346 958 quod
363 883 551 955 deserviunt,
569 882 651 954 quod
667 898 685 940 a
699 881 793 939 rebus
808 881 873 939 suis
885 882 1004 940 evocati
1016 875 1234 944 nobis'vacant

234 974 251 1028 3
264 967 434 1025 mercedem
446 982 506 1024 non
520 965 624 1037 meriti,
638 965 693 1023 sed
706 963 916 1037 occupationis
928 979 1003 1023 suae
1017 966 1128 1025 terunt
1149 968 1235 1027 Aliud

263 1058 363 1108 tamen
385 1048 443 1107 dici
466 1056 567 1122 potest
590 1048 705 1119 verius,
729 1047 811 1119 quod
832 1046 932 1105 statim
952 1063 1081 1126 ponam,
1105 1050 1133 1107 si
1155 1052 1234 1123 prius

264 1131 418 1206 quomodo
439 1131 519 1191 istud
540 1130 637 1190 refelli
655 1130 752 1204 possit
768 1130 942 1188 ostendero.
979 1130 1173 1205 „Quaedam
1195 1135 1233 1191 in-

264 1215 343 1288 quit,
367 1214 461 1287 pluris
484 1221 555 1273 sunt
576 1229 667 1287 quam
683 1212 843 1271 venierunt
857 1219 887 1271 et
907 1212 946 1272 ob
960 1212 1019 1273 hoc
1035 1214 1154 1289 aliquid
1169 1216 1236 1275 mihi

235 1304 349 1360 cextra
364 1313 420 1371 pro
432 1298 500 1368 iltis,
516 1296 656 1372 quamvis
668 1303 769 1369 empta
781 1296 849 1368 sint,
865 1294 992 1354 debes.“
1019 1296 1153 1356 Primum
1165 1300 1236 1374 quid

263 1380 397 1453 interest,
410 1382 514 1455 quanti
532 1382 599 1451 sint,
612 1396 679 1438 eum
692 1380 730 1438 de
744 1380 841 1453 pretio
853 1380 931 1437 inter
942 1387 1091 1439 ementem
1104 1382 1234 1442 venden-

263 1472 385 1539 temque
400 1464 595 1523 convenerit?
616 1463 732 1522 Deinde
749 1479 808 1521 non
822 1461 880 1520 emi
895 1462 969 1521 ittud
983 1480 1040 1522 suo
1057 1466 1167 1538 pretio,
1182 1466 1235 1524 sed

263 1554 324 1607 tuo.
349 1547 465 1620 „Pluris
478 1554 539 1619 est,
556 1546 673 1621 inquis,
690 1563 780 1620 quam
797 1545 930 1604 veniit=“
949 1546 1003 1605 sed
1020 1546 1118 1621 pturis
1134 1549 1236 1609 venire

263 1647 324 1689 non
340 1631 443 1704 potuit.
473 1631 600 1703 pretium
617 1637 717 1688 autem
733 1629 883 1703 cuiusque
898 1628 942 1687 rei
958 1646 1013 1703 pro
1027 1638 1168 1705 tempore
1182 1625 1235 1691 est

265 1729 333 1773 cum
354 1714 431 1773 bene
452 1714 509 1772 ista
529 1713 717 1785 laudaveris,
739 1712 813 1773 tanti
835 1720 919 1783 sunt,
942 1721 1055 1787 quanto
1072 1715 1170 1789 pluris
1187 1730 1234 1773 ve

266 1796 329 1854 nire
342 1813 401 1855 non
415 1803 552 1869 possunt.
577 1803 735 1870 praeterea
747 1797 820 1855 nibit
831 1796 981 1855 venditori
993 1798 1085 1857 debet
1094 1800 1148 1873 qui
1159 1798 1236 1858 bene

235 1880 344 1938 demit.
379 1879 495 1939 Deinde
516 1880 634 1941 etiamsi
656 1880 752 1953 pluris
767 1880 824 1937 ista
839 1886 925 1951 sunt,
949 1888 1125 1941 nontamen
1144 1883 1234 1941 ulium

264 1963 331 2022 istic
352 1970 435 2023 tuum
457 1980 565 2024 munus
587 1971 649 2036 est,
672 1969 705 2022 ut
725 1979 785 2021 non
804 1979 844 2022 ex
858 1979 917 2023 usu
933 1963 1097 2034 effectuae,
1126 1966 1183 2024 sed
1198 1980 1234 2023 ex

236 2047 485 2119 connsuetudine
500 2057 529 2107 et
544 2063 665 2107 annona
680 2047 863 2106 aestimetur.
890 2045 976 2119 Quod
992 2053 1022 2105 tu
1036 2048 1165 2120 pretium
1183 2063 1234 2121 po-

264 2131 311 2189 nis
335 2131 481 2190 traicienti
501 2132 596 2189 maria
617 2138 647 2190 et
667 2145 721 2203 per
736 2129 855 2189 medios
867 2128 998 2208 ssuctuS,
1021 2145 1089 2189 cum
1105 2146 1124 2190 e
1138 2137 1258 2189 terrae·

264 2222 434 2287 conspectu
456 2215 599 2285 recessit,
622 2222 733 2273 certam
755 2212 871 2272 secanti
893 2212 972 2271 viam
987 2220 1016 2270 et
1036 2207 1234 2288 prospicienti

264 2298 380 2355 iuturus
396 2302 591 2371 tempestates
604 2304 634 2355 et
648 2296 766 2355 securis
778 2294 918 2355 omnibus
930 2295 1029 2355 sabito
1042 2296 1158 2355 iubenti
1170 2300 1235 2355 vcta

213 2441 216 2445 ,
264 2378 386 2452 stringi,
415 2386 600 2438 armamenta
621 2378 750 2450 demitti,
779 2386 903 2453 paratos
923 2378 962 2437 ad
987 2378 1144 2438 incursum
1165 2395 1233 2453 pro·

264 2462 360 2521 ceilae
381 2470 410 2522 et
430 2463 618 2536 repentinum
639 2463 772 2535 inpetum
795 2468 898 2521 stare?
922 2461 1114 2540 huictamen
1135 2465 1261 2522 tantae*

235 2545 308 2609 irci
329 2547 496 2620 praemium
517 2549 641 2605 vectura
663 2544 818 2619 persolvit.
856 2544 962 2618 Quanti
980 2546 1124 2605 aestimas
1140 2544 1169 2603 in
1186 2562 1233 2605 so·

264 2629 390 2689 titudine
409 2630 589 2704 hospitium,
610 2630 640 2688 in
659 2629 756 2688 imbre
774 2634 899 2700 tectum,
920 2626 950 2687 in
967 2627 1078 2701 frigore
1093 2627 1233 2688 balneum

264 2721 316 2774 aut
337 2714 457 2786 ignerat
488 2712 553 2772 scio
572 2720 686 2785 tamen,
707 2711 810 2786 quanti
825 2711 883 2769 ista
898 2718 1120 2770 consecutums
1135 2710 1233 2771 diver-

264 2795 378 2855 sorium
401 2797 536 2855 subeam.
574 2795 721 2869 Quantum
739 2794 828 2854 nobis
847 2800 995 2867 praestat,
1016 2795 1067 2868 qui
1084 2794 1234 2866 tabentem

264 2879 385 2935 domum
409 2878 535 2951 suscipit
555 2885 585 2937 et
601 2885 740 2952 agentem
756 2878 869 2937 eximo
884 2876 976 2936 rimas
992 2877 1123 2936 insuiam
1138 2878 1234 2937 incre-

264 2958 348 3018 dibili
368 2968 432 3019 arte
452 2961 632 3033 suspendite
660 2968 744 3019 certo
767 2968 865 3020 tamen
887 2969 917 3020 et
937 2960 994 3018 tevi
1011 2961 1108 3034 pretio
1124 2961 1235 3021 iuiturc

234 3043 452 3109 ficonducitur.
487 3044 591 3103 Murus
614 3061 670 3106 nos
686 3043 724 3102 ab
740 3044 881 3103 hostibus
896 3050 975 3102 tutos
991 3051 1020 3102 et
1034 3060 1053 3102 a
1067 3043 1178 3104 subitis
1193 3046 1232 3103 la·

262 3134 381 3188 tronum
398 3127 622 3188 incursionibus
639 3134 786 3201 praestan
808 3133 911 3186 notum
922 3134 969 3185 cst
983 3133 1082 3185 tamen
1094 3127 1162 3187 ittas
1175 3135 1232 3187 tur·

262 3228 313 3271 res
334 3228 390 3287 pro
413 3211 576 3273 securitate
597 3211 719 3285 pubttca
736 3211 966 3285 propugnacula
979 3210 1137 3271 habituras
1152 3210 1232 3270 exci-

262 3302 380 3355 taturus
395 3297 481 3355 taber
496 3295 569 3369 quid
585 3296 614 3353 in
630 3295 708 3353 diem
724 3302 847 3353 moreat.

234 3390 249 3443 1
324 3380 403 3439 XVI.
436 3380 587 3439 infinitum
607 3379 681 3449 erit,
711 3378 737 3436 si
763 3375 852 3437 latius
878 3377 1019 3451 exempta
1044 3375 1233 3451 conquiram,

264 3462 375 3536 quibus
401 3462 549 3535 adpareat
574 3477 669 3534 parvo
700 3476 811 3533 magna
841 3467 991 3519 constare.
1033 3459 1111 3533 Quid
1139 3465 1234 3533 ergo?

263 3552 367 3619 quare'
380 3553 409 3605 ct
423 3545 541 3603 medico
558 3551 587 3603 et
601 3544 793 3618 praeceptori
815 3544 883 3617 ptus
900 3543 1045 3617 quiddam
1061 3543 1161 3603 debeo
1179 3558 1234 3602 nec

262 3628 412 3688 adversus
435 3629 503 3688 ittos
525 3628 666 3687 mercede
686 3628 858 3701 defungor?
893 3626 969 3700 Quia
992 3642 1032 3685 cx
1056 3627 1176 3686 medico
1197 3642 1233 3685 ac

263 3720 462 3786 praeceptore
484 3713 514 3772 in
535 3710 663 3773 amicum
685 3716 842 3771 transeunt
860 3718 891 3771 et
910 3727 968 3772 nos
984 3727 1045 3770 non
1061 3717 1127 3771 arte
1142 3727 1232 3787 qnam
