<?xml version="1.0" encoding="UTF-8"?>
<!DOCTYPE html PUBLIC "-//W3C//DTD XHTML 1.0 Transitional//EN"
    "http://www.w3.org/TR/xhtml1/DTD/xhtml1-transitional.dtd">
<html xmlns="http://www.w3.org/1999/xhtml" xml:lang="en" lang="en">
 <head>
  <title>
</title>
<meta http-equiv="Content-Type" content="text/html;charset=utf-8" />
  <meta name='ocr-system' content='tesseract 3.04.00' />
  <meta name='ocr-capabilities' content='ocr_page ocr_carea ocr_par ocr_line ocrx_word'/>
</head>
<body>
  <div class='ocr_page' id='page_1' title='image "./lannaeisenecaeo07senegoog_0244.png"; bbox 0 0 2942 4384; ppageno 0'>
   <div class='ocr_carea' id='block_1_1' title="bbox 322 465 993 529">
    <p class='ocr_par' dir='ltr' id='par_1_1' title="bbox 322 465 993 529">
     <span class='ocr_line' id='line_1_1' title="bbox 322 465 993 529; baseline -0.006 0"><span class='ocrx_word' id='word_1_1' title='bbox 322 466 384 529; x_wconf 76' lang='lat'><strong>232</strong></span> <span class='ocrx_word' id='word_1_2' title='bbox 596 466 630 526; x_wconf 84' lang='lat' dir='ltr'><strong>L.</strong></span> <span class='ocrx_word' id='word_1_3' title='bbox 652 466 799 527; x_wconf 87' lang='grc' dir='ltr'><strong>ΑΝΝΑΕΙ</strong></span> <span class='ocrx_word' id='word_1_4' title='bbox 819 465 993 527; x_wconf 79' lang='lat' dir='ltr'><strong>SENECAE</strong></span> 
     </span>
    </p>
   </div>
   <div class='ocr_carea' id='block_1_2' title="bbox 291 615 1295 3267">
    <p class='ocr_par' dir='ltr' id='par_1_2' title="bbox 291 615 1295 3267">
     <span class='ocr_line' id='line_1_2' title="bbox 294 615 1295 696; baseline 0.003 -16"><span class='ocrx_word' id='word_1_5' title='bbox 294 626 402 686; x_wconf 80' lang='lat' dir='ltr'><strong>astant</strong></span> <span class='ocrx_word' id='word_1_6' title='bbox 425 634 461 678; x_wconf 93' lang='lat' dir='ltr'><strong>ac</strong></span> <span class='ocrx_word' id='word_1_7' title='bbox 481 618 584 693; x_wconf 88' lang='lat' dir='ltr'><strong>vigent</strong></span> <span class='ocrx_word' id='word_1_8' title='bbox 604 618 718 692; x_wconf 88' lang='lat' dir='ltr'><strong>omnia,</strong></span> <span class='ocrx_word' id='word_1_9' title='bbox 741 618 800 679; x_wconf 90' lang='lat' dir='ltr'><strong>cito</strong></span> <span class='ocrx_word' id='word_1_10' title='bbox 821 633 858 677; x_wconf 89' lang='lat' dir='ltr'><strong>ae</strong></span> <span class='ocrx_word' id='word_1_11' title='bbox 871 626 997 693; x_wconf 89' lang='lat' dir='ltr'><strong>repente</strong></span> <span class='ocrx_word' id='word_1_12' title='bbox 1013 615 1175 682; x_wconf 89' lang='lat' dir='ltr'><strong>dissiliunt.</strong></span> <span class='ocrx_word' id='word_1_13' title='bbox 1209 621 1295 696; x_wconf 80' lang='lat' dir='ltr'><strong>Quic-</strong></span> 
     </span>
     <span class='ocr_line' id='line_1_3' title="bbox 324 701 1295 777; baseline 0.004 -16"><span class='ocrx_word' id='word_1_14' title='bbox 324 702 397 777; x_wconf 88' lang='lat' dir='ltr'>quid</span> <span class='ocrx_word' id='word_1_15' title='bbox 418 718 456 761; x_wconf 90' lang='lat' dir='ltr'><strong>ex</strong></span> <span class='ocrx_word' id='word_1_16' title='bbox 471 702 530 761; x_wconf 88' lang='lat' dir='ltr'><strong>hoc</strong></span> <span class='ocrx_word' id='word_1_17' title='bbox 545 709 625 762; x_wconf 89' lang='lat' dir='ltr'><strong>statu</strong></span> <span class='ocrx_word' id='word_1_18' title='bbox 638 717 740 760; x_wconf 90' lang='lat' dir='ltr'><strong>rerum</strong></span> <span class='ocrx_word' id='word_1_19' title='bbox 755 710 861 761; x_wconf 86' lang='lat' dir='ltr'><strong>natura</strong></span> <span class='ocrx_word' id='word_1_20' title='bbox 875 701 1009 775; x_wconf 88' lang='lat' dir='ltr'><strong>flexerit,</strong></span> <span class='ocrx_word' id='word_1_21' title='bbox 1030 702 1061 761; x_wconf 94' lang='lat' dir='ltr'><strong>in</strong></span> <span class='ocrx_word' id='word_1_22' title='bbox 1076 705 1201 764; x_wconf 88' lang='lat' dir='ltr'><strong>exitium</strong></span> <span class='ocrx_word' id='word_1_23' title='bbox 1216 723 1295 767; x_wconf 90' lang='lat' dir='ltr'><strong>mor·</strong></span> 
     </span>
     <span class='ocr_line' id='line_1_4' title="bbox 321 784 1294 863; baseline 0.006 -19"><span class='ocrx_word' id='word_1_24' title='bbox 321 786 424 844; x_wconf 89' lang='lat' dir='ltr'><strong>talium</strong></span> <span class='ocrx_word' id='word_1_25' title='bbox 440 787 513 844; x_wconf 90' lang='lat' dir='ltr'><strong>satis</strong></span> <span class='ocrx_word' id='word_1_26' title='bbox 530 791 586 844; x_wconf 91' lang='lat' dir='ltr'><strong>est.</strong></span> <span class='ocrx_word' id='word_1_27' title='bbox 611 800 684 857; x_wconf 88' lang='lat' dir='ltr'><strong>ergo</strong></span> <span class='ocrx_word' id='word_1_28' title='bbox 700 800 769 843; x_wconf 91' lang='lat' dir='ltr'><strong>cum</strong></span> <span class='ocrx_word' id='word_1_29' title='bbox 785 785 914 844; x_wconf 86' lang='lat' dir='ltr'><strong>adiuerit</strong></span> <span class='ocrx_word' id='word_1_30' title='bbox 928 784 978 843; x_wconf 93' lang='lat' dir='ltr'><strong>illa</strong></span> <span class='ocrx_word' id='word_1_31' title='bbox 992 787 1163 847; x_wconf 70' lang='lat' dir='ltr'><strong>necessitas</strong></span> <span class='ocrx_word' id='word_1_32' title='bbox 1178 794 1294 863; x_wconf 89' lang='lat' dir='ltr'><strong>tempo·</strong></span> 
     </span>
     <span class='ocr_line' id='line_1_5' title="bbox 321 867 1294 941; baseline 0.003 -14"><span class='ocrx_word' id='word_1_33' title='bbox 321 870 379 941; x_wconf 91' lang='lat' dir='ltr'><strong>ris,</strong></span> <span class='ocrx_word' id='word_1_34' title='bbox 402 870 494 927; x_wconf 89' lang='lat' dir='ltr'><strong>multa</strong></span> <span class='ocrx_word' id='word_1_35' title='bbox 509 867 598 927; x_wconf 90' lang='lat' dir='ltr'><strong>simul</strong></span> <span class='ocrx_word' id='word_1_36' title='bbox 614 868 674 926; x_wconf 90' lang='lat' dir='ltr'><strong>lata</strong></span> <span class='ocrx_word' id='word_1_37' title='bbox 690 883 801 927; x_wconf 81' lang='lat' dir='ltr'><strong>causas</strong></span> <span class='ocrx_word' id='word_1_38' title='bbox 818 874 948 926; x_wconf 87' lang='lat' dir='ltr'><strong>movent.</strong></span> <span class='ocrx_word' id='word_1_39' title='bbox 972 883 1029 927; x_wconf 88' lang='lat' dir='ltr'><strong>nec</strong></span> <span class='ocrx_word' id='word_1_40' title='bbox 1044 869 1123 928; x_wconf 90' lang='lat' dir='ltr'><strong>enim</strong></span> <span class='ocrx_word' id='word_1_41' title='bbox 1139 870 1206 930; x_wconf 89' lang='lat' dir='ltr'><strong>sine</strong></span> <span class='ocrx_word' id='word_1_42' title='bbox 1222 887 1294 930; x_wconf 89' lang='lat' dir='ltr'><strong>con·</strong></span> 
     </span>
     <span class='ocr_line' id='line_1_6' title="bbox 323 949 1294 1025; baseline 0.003 -15"><span class='ocrx_word' id='word_1_43' title='bbox 323 952 467 1011; x_wconf 84' lang='lat' dir='ltr'><strong>cassiane</strong></span> <span class='ocrx_word' id='word_1_44' title='bbox 481 951 585 1009; x_wconf 90' lang='lat' dir='ltr'><strong>mundi</strong></span> <span class='ocrx_word' id='word_1_45' title='bbox 600 957 681 1009; x_wconf 90' lang='lat' dir='ltr'><strong>tanta</strong></span> <span class='ocrx_word' id='word_1_46' title='bbox 695 949 820 1010; x_wconf 89' lang='lat' dir='ltr'><strong>mutatio</strong></span> <span class='ocrx_word' id='word_1_47' title='bbox 832 958 891 1021; x_wconf 88' lang='lat' dir='ltr'><strong>est,</strong></span> <span class='ocrx_word' id='word_1_48' title='bbox 907 956 941 1009; x_wconf 94' lang='lat' dir='ltr'><strong>ut</strong></span> <span class='ocrx_word' id='word_1_49' title='bbox 952 951 1074 1025; x_wconf 91' lang='lat' dir='ltr'><strong>quidam</strong></span> <span class='ocrx_word' id='word_1_50' title='bbox 1086 960 1201 1025; x_wconf 84' lang='lat' dir='ltr'><strong>putant,</strong></span> <span class='ocrx_word' id='word_1_51' title='bbox 1217 956 1294 1014; x_wconf 88' lang='lat' dir='ltr'><strong>inter</strong></span> 
     </span>
     <span class='ocr_line' id='line_1_7' title="bbox 294 1033 1294 1109; baseline 0.004 -16"><span class='ocrx_word' id='word_1_52' title='bbox 294 1051 403 1109; x_wconf 81' lang='lat' dir='ltr'><strong>4quos</strong></span> <span class='ocrx_word' id='word_1_53' title='bbox 418 1034 569 1092; x_wconf 80' lang='lat' dir='ltr'><strong>Fabianus</strong></span> <span class='ocrx_word' id='word_1_54' title='bbox 585 1040 641 1093; x_wconf 88' lang='lat' dir='ltr'><strong>est.</strong></span> <span class='ocrx_word' id='word_1_55' title='bbox 673 1033 771 1093; x_wconf 90' lang='lat' dir='ltr'><strong>Primo</strong></span> <span class='ocrx_word' id='word_1_56' title='bbox 783 1034 925 1092; x_wconf 82' lang='lat' dir='ltr'>inmodici</span> <span class='ocrx_word' id='word_1_57' title='bbox 939 1034 1051 1093; x_wconf 90' lang='lat' dir='ltr'><strong>cadunt</strong></span> <span class='ocrx_word' id='word_1_58' title='bbox 1062 1034 1173 1094; x_wconf 78' lang='lat' dir='ltr'>imbres</span> <span class='ocrx_word' id='word_1_59' title='bbox 1186 1044 1216 1096; x_wconf 91' lang='lat' dir='ltr'><strong>et</strong></span> <span class='ocrx_word' id='word_1_60' title='bbox 1228 1038 1294 1097; x_wconf 91' lang='lat' dir='ltr'><strong>sine</strong></span> 
     </span>
     <span class='ocr_line' id='line_1_8' title="bbox 322 1116 1294 1192; baseline 0.004 -17"><span class='ocrx_word' id='word_1_61' title='bbox 322 1118 391 1175; x_wconf 89' lang='lat' dir='ltr'><strong>ullis</strong></span> <span class='ocrx_word' id='word_1_62' title='bbox 413 1116 529 1175; x_wconf 91' lang='lat' dir='ltr'><strong>solibus</strong></span> <span class='ocrx_word' id='word_1_63' title='bbox 549 1117 634 1177; x_wconf 90' lang='lat' dir='ltr'><strong>triste</strong></span> <span class='ocrx_word' id='word_1_64' title='bbox 651 1116 754 1176; x_wconf 93' lang='lat' dir='ltr'><strong>nubilo</strong></span> <span class='ocrx_word' id='word_1_65' title='bbox 770 1119 888 1175; x_wconf 91' lang='lat' dir='ltr'><strong>coelum</strong></span> <span class='ocrx_word' id='word_1_66' title='bbox 903 1123 949 1175; x_wconf 91' lang='lat' dir='ltr'><strong>est</strong></span> <span class='ocrx_word' id='word_1_67' title='bbox 964 1117 1137 1192; x_wconf 81' lang='lat' dir='ltr'><strong>nebulaque</strong></span> <span class='ocrx_word' id='word_1_68' title='bbox 1152 1120 1294 1179; x_wconf 88' lang='lat' dir='ltr'><strong>continua</strong></span> 
     </span>
     <span class='ocr_line' id='line_1_9' title="bbox 322 1199 1293 1273; baseline 0.005 -16"><span class='ocrx_word' id='word_1_69' title='bbox 322 1207 352 1258; x_wconf 89' lang='lat' dir='ltr'><strong>et</strong></span> <span class='ocrx_word' id='word_1_70' title='bbox 374 1215 411 1258; x_wconf 91' lang='lat' dir='ltr'><strong>ex</strong></span> <span class='ocrx_word' id='word_1_71' title='bbox 427 1200 550 1259; x_wconf 90' lang='lat' dir='ltr'><strong>humido</strong></span> <span class='ocrx_word' id='word_1_72' title='bbox 566 1200 668 1273; x_wconf 90' lang='lat' dir='ltr'><strong>spissa</strong></span> <span class='ocrx_word' id='word_1_73' title='bbox 683 1200 780 1273; x_wconf 86' lang='lat' dir='ltr'><strong>caligo</strong></span> <span class='ocrx_word' id='word_1_74' title='bbox 795 1216 959 1273; x_wconf 91' lang='lat' dir='ltr'><strong>numquam</strong></span> <span class='ocrx_word' id='word_1_75' title='bbox 975 1199 1202 1261; x_wconf 82' lang='lat' dir='ltr'><strong>exsiccantibus</strong></span> <span class='ocrx_word' id='word_1_76' title='bbox 1221 1219 1293 1262; x_wconf 87' lang='lat' dir='ltr'><strong>ven·</strong></span> 
     </span>
     <span class='ocr_line' id='line_1_10' title="bbox 321 1282 1293 1358; baseline 0.004 -17"><span class='ocrx_word' id='word_1_77' title='bbox 321 1283 370 1342; x_wconf 90' lang='lat' dir='ltr'><strong>tis.</strong></span> <span class='ocrx_word' id='word_1_78' title='bbox 403 1282 473 1341; x_wconf 90' lang='lat' dir='ltr'><strong>inde</strong></span> <span class='ocrx_word' id='word_1_79' title='bbox 491 1284 592 1343; x_wconf 89' lang='lat' dir='ltr'><strong>vitium</strong></span> <span class='ocrx_word' id='word_1_80' title='bbox 607 1289 654 1342; x_wconf 88' lang='lat' dir='ltr'><strong>est</strong></span> <span class='ocrx_word' id='word_1_81' title='bbox 671 1284 760 1354; x_wconf 87' lang='lat' dir='ltr'><strong>satis,</strong></span> <span class='ocrx_word' id='word_1_82' title='bbox 778 1291 915 1357; x_wconf 88' lang='lat' dir='ltr'><strong>segetum</strong></span> <span class='ocrx_word' id='word_1_83' title='bbox 927 1283 993 1341; x_wconf 90' lang='lat' dir='ltr'><strong>sine</strong></span> <span class='ocrx_word' id='word_1_84' title='bbox 1005 1283 1093 1357; x_wconf 81' lang='lat' dir='ltr'><strong>fruge</strong></span> <span class='ocrx_word' id='word_1_85' title='bbox 1105 1287 1293 1358; x_wconf 81' lang='lat' dir='ltr'><strong>surgentium</strong></span> 
     </span>
     <span class='ocr_line' id='line_1_11' title="bbox 321 1366 1293 1441; baseline 0.004 -16"><span class='ocrx_word' id='word_1_86' title='bbox 321 1382 449 1426; x_wconf 89' lang='lat' dir='ltr'><strong>marcor.</strong></span> <span class='ocrx_word' id='word_1_87' title='bbox 477 1374 549 1425; x_wconf 90' lang='lat' dir='ltr'><strong>tunc</strong></span> <span class='ocrx_word' id='word_1_88' title='bbox 571 1366 723 1439; x_wconf 83' lang='lat' dir='ltr'><strong>corruptis</strong></span> <span class='ocrx_word' id='word_1_89' title='bbox 746 1382 825 1440; x_wconf 88' lang='lat' dir='ltr'><strong>quae</strong></span> <span class='ocrx_word' id='word_1_90' title='bbox 846 1373 988 1425; x_wconf 90' lang='lat' dir='ltr'><strong>seruntur</strong></span> <span class='ocrx_word' id='word_1_91' title='bbox 1011 1381 1118 1440; x_wconf 84' lang='lat' dir='ltr'><strong>manu,</strong></span> <span class='ocrx_word' id='word_1_92' title='bbox 1146 1369 1293 1441; x_wconf 91' lang='lat' dir='ltr'><strong>palustris</strong></span> 
     </span>
     <span class='ocr_line' id='line_1_12' title="bbox 294 1448 1292 1523; baseline 0 -12"><span class='ocrx_word' id='word_1_93' title='bbox 294 1450 461 1511; x_wconf 69' lang='lat' dir='ltr'><strong>homnibus</strong></span> <span class='ocrx_word' id='word_1_94' title='bbox 483 1449 600 1523; x_wconf 90' lang='lat' dir='ltr'><strong>campis</strong></span> <span class='ocrx_word' id='word_1_95' title='bbox 620 1450 715 1508; x_wconf 90' lang='lat' dir='ltr'><strong>herba</strong></span> <span class='ocrx_word' id='word_1_96' title='bbox 734 1449 914 1509; x_wconf 89' lang='lat' dir='ltr'><strong>subcrescit.</strong></span> <span class='ocrx_word' id='word_1_97' title='bbox 950 1448 1023 1507; x_wconf 86' lang='lat' dir='ltr'><strong>lllox</strong></span> <span class='ocrx_word' id='word_1_98' title='bbox 1040 1448 1181 1508; x_wconf 88' lang='lat' dir='ltr'><strong>iniuriam</strong></span> <span class='ocrx_word' id='word_1_99' title='bbox 1196 1459 1228 1510; x_wconf 89' lang='lat' dir='ltr'><strong>et</strong></span> <span class='ocrx_word' id='word_1_100' title='bbox 1242 1468 1292 1511; x_wconf 92' lang='lat' dir='ltr'><strong>va-</strong></span> 
     </span>
     <span class='ocr_line' id='line_1_13' title="bbox 322 1531 1291 1608; baseline 0.002 -16"><span class='ocrx_word' id='word_1_101' title='bbox 322 1533 430 1592; x_wconf 88' lang='lat' dir='ltr'><strong>lidiora</strong></span> <span class='ocrx_word' id='word_1_102' title='bbox 441 1548 580 1591; x_wconf 85' lang='lat' dir='ltr'><strong>sensere=</strong></span> <span class='ocrx_word' id='word_1_103' title='bbox 601 1532 709 1591; x_wconf 91' lang='lat' dir='ltr'><strong>solutis</strong></span> <span class='ocrx_word' id='word_1_104' title='bbox 721 1532 836 1607; x_wconf 90' lang='lat' dir='ltr'><strong>quippe</strong></span> <span class='ocrx_word' id='word_1_105' title='bbox 847 1531 1001 1591; x_wconf 88' lang='lat' dir='ltr'><strong>radicibus</strong></span> <span class='ocrx_word' id='word_1_106' title='bbox 1013 1531 1138 1591; x_wconf 86' lang='lat' dir='ltr'><strong>arbusta</strong></span> <span class='ocrx_word' id='word_1_107' title='bbox 1148 1550 1291 1608; x_wconf 89' lang='lat' dir='ltr'><strong>procum-</strong></span> 
     </span>
     <span class='ocr_line' id='line_1_14' title="bbox 321 1615 1292 1691; baseline 0.001 -17"><span class='ocrx_word' id='word_1_108' title='bbox 321 1615 397 1674; x_wconf 89' lang='lat' dir='ltr'><strong>bunt</strong></span> <span class='ocrx_word' id='word_1_109' title='bbox 411 1622 440 1675; x_wconf 91' lang='lat' dir='ltr'><strong>et</strong></span> <span class='ocrx_word' id='word_1_110' title='bbox 456 1615 523 1673; x_wconf 93' lang='lat' dir='ltr'><strong>vitis</strong></span> <span class='ocrx_word' id='word_1_111' title='bbox 535 1620 626 1687; x_wconf 88' lang='lat' dir='ltr'><strong>atque</strong></span> <span class='ocrx_word' id='word_1_112' title='bbox 639 1630 727 1673; x_wconf 86' lang='grc'><strong>111111</strong></span> <span class='ocrx_word' id='word_1_113' title='bbox 738 1615 899 1687; x_wconf 84' lang='lat' dir='ltr'><strong>virgultum</strong></span> <span class='ocrx_word' id='word_1_114' title='bbox 911 1632 970 1674; x_wconf 90' lang='lat' dir='ltr'><strong>non</strong></span> <span class='ocrx_word' id='word_1_115' title='bbox 982 1621 1100 1674; x_wconf 86' lang='lat' dir='ltr'><strong>tenetur</strong></span> <span class='ocrx_word' id='word_1_116' title='bbox 1111 1616 1189 1688; x_wconf 90' lang='lat' dir='ltr'><strong>solo,</strong></span> <span class='ocrx_word' id='word_1_117' title='bbox 1209 1617 1292 1691; x_wconf 92' lang='lat' dir='ltr'><strong>quod</strong></span> 
     </span>
     <span class='ocr_line' id='line_1_15' title="bbox 321 1696 1293 1773; baseline 0.004 -18"><span class='ocrx_word' id='word_1_118' title='bbox 321 1699 411 1755; x_wconf 90' lang='lat' dir='ltr'><strong>molle</strong></span> <span class='ocrx_word' id='word_1_119' title='bbox 431 1696 619 1771; x_wconf 86' lang='lat' dir='ltr'><strong>fluidumque</strong></span> <span class='ocrx_word' id='word_1_120' title='bbox 640 1705 695 1756; x_wconf 89' lang='lat' dir='ltr'><strong>est.</strong></span> <span class='ocrx_word' id='word_1_121' title='bbox 725 1698 787 1764; x_wconf 91' lang='lat' dir='ltr'><strong>iam</strong></span> <span class='ocrx_word' id='word_1_122' title='bbox 799 1713 856 1756; x_wconf 92' lang='lat' dir='ltr'><strong>nec</strong></span> <span class='ocrx_word' id='word_1_123' title='bbox 870 1698 1007 1771; x_wconf 86' lang='lat' dir='ltr'><strong>gramina</strong></span> <span class='ocrx_word' id='word_1_124' title='bbox 1021 1704 1072 1757; x_wconf 88' lang='lat' dir='ltr'><strong>aut</strong></span> <span class='ocrx_word' id='word_1_125' title='bbox 1087 1698 1200 1773; x_wconf 88' lang='lat' dir='ltr'><strong>pabula</strong></span> <span class='ocrx_word' id='word_1_126' title='bbox 1215 1701 1293 1759; x_wconf 87' lang='lat' dir='ltr'><strong>laeta</strong></span> 
     </span>
     <span class='ocr_line' id='line_1_16' title="bbox 321 1780 1291 1856; baseline 0.003 -18"><span class='ocrx_word' id='word_1_127' title='bbox 321 1782 410 1853; x_wconf 89' lang='lat' dir='ltr'><strong>aquis</strong></span> <span class='ocrx_word' id='word_1_128' title='bbox 432 1780 569 1839; x_wconf 88' lang='lat' dir='ltr'><strong>sustinet.</strong></span> <span class='ocrx_word' id='word_1_129' title='bbox 597 1780 676 1838; x_wconf 87' lang='grc'><strong>111111</strong></span> <span class='ocrx_word' id='word_1_130' title='bbox 698 1780 853 1840; x_wconf 90' lang='lat' dir='ltr'><strong>laboratur</strong></span> <span class='ocrx_word' id='word_1_131' title='bbox 872 1787 901 1839; x_wconf 93' lang='lat' dir='ltr'><strong>et</strong></span> <span class='ocrx_word' id='word_1_132' title='bbox 922 1796 1030 1840; x_wconf 90' lang='lat' dir='ltr'><strong>manus</strong></span> <span class='ocrx_word' id='word_1_133' title='bbox 1045 1781 1084 1839; x_wconf 92' lang='lat' dir='ltr'><strong>ad</strong></span> <span class='ocrx_word' id='word_1_134' title='bbox 1099 1782 1226 1856; x_wconf 92' lang='lat' dir='ltr'><strong>antiqua</strong></span> <span class='ocrx_word' id='word_1_135' title='bbox 1240 1784 1291 1841; x_wconf 90' lang='lat' dir='ltr'><strong>ali·</strong></span> 
     </span>
     <span class='ocr_line' id='line_1_17' title="bbox 320 1862 1294 1938; baseline 0.005 -19"><span class='ocrx_word' id='word_1_136' title='bbox 320 1870 421 1921; x_wconf 89' lang='lat' dir='ltr'><strong>menta</strong></span> <span class='ocrx_word' id='word_1_137' title='bbox 442 1863 615 1937; x_wconf 82' lang='lat' dir='ltr'><strong>porrigitur.</strong></span> <span class='ocrx_word' id='word_1_138' title='bbox 645 1880 705 1937; x_wconf 90' lang='lat' dir='ltr'><strong>qua</strong></span> <span class='ocrx_word' id='word_1_139' title='bbox 726 1862 787 1921; x_wconf 85' lang='lat' dir='ltr'><strong>ilex</strong></span> <span class='ocrx_word' id='word_1_140' title='bbox 809 1870 856 1922; x_wconf 90' lang='lat' dir='ltr'><strong>est</strong></span> <span class='ocrx_word' id='word_1_141' title='bbox 875 1870 914 1923; x_wconf 87' lang='grc'><strong>11</strong></span> <span class='ocrx_word' id='word_1_142' title='bbox 927 1879 1073 1938; x_wconf 90' lang='lat' dir='ltr'><strong>quercus,</strong></span> <span class='ocrx_word' id='word_1_143' title='bbox 1096 1864 1249 1924; x_wconf 87' lang='lat' dir='ltr'><strong>excutitur</strong></span> <span class='ocrx_word' id='word_1_144' title='bbox 1264 1872 1294 1924; x_wconf 89' lang='grc'><strong>11</strong></span> 
     </span>
     <span class='ocr_line' id='line_1_18' title="bbox 321 1944 1292 2020; baseline 0.004 -17"><span class='ocrx_word' id='word_1_145' title='bbox 321 1961 532 2020; x_wconf 88' lang='lat' dir='ltr'><strong>quaecumque</strong></span> <span class='ocrx_word' id='word_1_146' title='bbox 547 1947 576 2004; x_wconf 95' lang='lat' dir='ltr'><strong>in</strong></span> <span class='ocrx_word' id='word_1_147' title='bbox 590 1947 638 2006; x_wconf 90' lang='lat' dir='ltr'><strong>his</strong></span> <span class='ocrx_word' id='word_1_148' title='bbox 652 1944 757 2006; x_wconf 88' lang='lat' dir='ltr'><strong>arduis</strong></span> <span class='ocrx_word' id='word_1_149' title='bbox 772 1947 863 2006; x_wconf 87' lang='lat' dir='ltr'><strong>arbor</strong></span> <span class='ocrx_word' id='word_1_150' title='bbox 874 1947 1074 2007; x_wconf 87' lang='lat' dir='ltr'><strong>commissura</strong></span> <span class='ocrx_word' id='word_1_151' title='bbox 1088 1947 1236 2008; x_wconf 88' lang='lat' dir='ltr'><strong>adstricta</strong></span> <span class='ocrx_word' id='word_1_152' title='bbox 1251 1949 1292 2007; x_wconf 93' lang='lat' dir='ltr'><strong>la·</strong></span> 
     </span>
     <span class='ocr_line' id='line_1_19' title="bbox 291 2027 1292 2105; baseline 0.004 -19"><span class='ocrx_word' id='word_1_153' title='bbox 291 2040 308 2093; x_wconf 82' lang='lat'><strong>6</strong></span> <span class='ocrx_word' id='word_1_154' title='bbox 322 2027 423 2101; x_wconf 90' lang='lat' dir='ltr'><strong>pidum</strong></span> <span class='ocrx_word' id='word_1_155' title='bbox 445 2030 534 2088; x_wconf 90' lang='lat' dir='ltr'><strong>stetit.</strong></span> <span class='ocrx_word' id='word_1_156' title='bbox 571 2029 688 2088; x_wconf 89' lang='lat' dir='ltr'><strong>Labant</strong></span> <span class='ocrx_word' id='word_1_157' title='bbox 707 2044 744 2088; x_wconf 90' lang='lat' dir='ltr'><strong>ac</strong></span> <span class='ocrx_word' id='word_1_158' title='bbox 763 2030 886 2090; x_wconf 86' lang='lat' dir='ltr'><strong>madent</strong></span> <span class='ocrx_word' id='word_1_159' title='bbox 904 2036 984 2089; x_wconf 88' lang='lat' dir='ltr'><strong>tecta</strong></span> <span class='ocrx_word' id='word_1_160' title='bbox 998 2035 1028 2089; x_wconf 88' lang='lat' dir='ltr'><strong>et</strong></span> <span class='ocrx_word' id='word_1_161' title='bbox 1042 2030 1071 2088; x_wconf 96' lang='lat' dir='ltr'><strong>in</strong></span> <span class='ocrx_word' id='word_1_162' title='bbox 1087 2030 1178 2089; x_wconf 86' lang='grc'><strong>11111111</strong></span> <span class='ocrx_word' id='word_1_163' title='bbox 1192 2034 1292 2105; x_wconf 83' lang='lat' dir='ltr'><strong>usqae</strong></span> 
     </span>
     <span class='ocr_line' id='line_1_20' title="bbox 319 2112 1291 2185; baseline 0.005 -17"><span class='ocrx_word' id='word_1_164' title='bbox 319 2113 450 2185; x_wconf 84' lang='lat' dir='ltr'><strong>receptis</strong></span> <span class='ocrx_word' id='word_1_165' title='bbox 472 2113 561 2185; x_wconf 90' lang='lat' dir='ltr'><strong>aquis</strong></span> <span class='ocrx_word' id='word_1_166' title='bbox 583 2113 777 2171; x_wconf 82' lang='lat' dir='ltr'><strong>fundamenta</strong></span> <span class='ocrx_word' id='word_1_167' title='bbox 799 2112 942 2172; x_wconf 88' lang='lat' dir='ltr'><strong>desidunt</strong></span> <span class='ocrx_word' id='word_1_168' title='bbox 966 2128 1002 2172; x_wconf 90' lang='lat' dir='ltr'><strong>ac</strong></span> <span class='ocrx_word' id='word_1_169' title='bbox 1022 2119 1085 2172; x_wconf 83' lang='lat' dir='ltr'><strong>tota</strong></span> <span class='ocrx_word' id='word_1_170' title='bbox 1104 2112 1215 2173; x_wconf 91' lang='lat' dir='ltr'><strong>humus</strong></span> <span class='ocrx_word' id='word_1_171' title='bbox 1232 2122 1291 2173; x_wconf 84' lang='lat' dir='ltr'><strong>sta·</strong></span> 
     </span>
     <span class='ocr_line' id='line_1_21' title="bbox 319 2193 1292 2270; baseline 0.003 -18"><span class='ocrx_word' id='word_1_172' title='bbox 319 2203 400 2267; x_wconf 87' lang='lat' dir='ltr'><strong>gnat.</strong></span> <span class='ocrx_word' id='word_1_173' title='bbox 428 2196 540 2254; x_wconf 87' lang='grc'><strong>1111111</strong></span> <span class='ocrx_word' id='word_1_174' title='bbox 559 2193 750 2255; x_wconf 90' lang='lat' dir='ltr'><strong>titubantium</strong></span> <span class='ocrx_word' id='word_1_175' title='bbox 770 2195 880 2254; x_wconf 83' lang='lat' dir='ltr'><strong>fultura</strong></span> <span class='ocrx_word' id='word_1_176' title='bbox 900 2201 1070 2270; x_wconf 88' lang='lat' dir='ltr'><strong>temptatur.</strong></span> <span class='ocrx_word' id='word_1_177' title='bbox 1100 2210 1190 2254; x_wconf 91' lang='lat' dir='ltr'><strong>omne</strong></span> <span class='ocrx_word' id='word_1_178' title='bbox 1213 2198 1292 2255; x_wconf 86' lang='lat' dir='ltr'><strong>enirn</strong></span> 
     </span>
     <span class='ocr_line' id='line_1_22' title="bbox 319 2276 1291 2350; baseline 0.004 -16"><span class='ocrx_word' id='word_1_179' title='bbox 319 2277 540 2336; x_wconf 87' lang='lat' dir='ltr'><strong>firmamentum</strong></span> <span class='ocrx_word' id='word_1_180' title='bbox 555 2276 585 2335; x_wconf 92' lang='lat' dir='ltr'><strong>in</strong></span> <span class='ocrx_word' id='word_1_181' title='bbox 601 2277 718 2337; x_wconf 89' lang='lat' dir='ltr'><strong>lubrice</strong></span> <span class='ocrx_word' id='word_1_182' title='bbox 734 2277 1291 2350; x_wconf 65' lang='grc'><strong>131111111111111111111111111111111-</strong></span> 
     </span>
     <span class='ocr_line' id='line_1_23' title="bbox 291 2359 1291 2435; baseline 0.003 -16"><span class='ocrx_word' id='word_1_183' title='bbox 291 2360 379 2427; x_wconf 77' lang='grc'><strong>71111</strong></span> <span class='ocrx_word' id='word_1_184' title='bbox 401 2367 457 2418; x_wconf 89' lang='grc'><strong>111.</strong></span> <span class='ocrx_word' id='word_1_185' title='bbox 499 2359 664 2435; x_wconf 90' lang='lat' dir='ltr'><strong>Postquam</strong></span> <span class='ocrx_word' id='word_1_186' title='bbox 683 2361 780 2433; x_wconf 89' lang='lat' dir='ltr'><strong>magis</strong></span> <span class='ocrx_word' id='word_1_187' title='bbox 802 2361 961 2435; x_wconf 88' lang='lat' dir='ltr'><strong>magisque</strong></span> <span class='ocrx_word' id='word_1_188' title='bbox 983 2360 1075 2420; x_wconf 92' lang='lat' dir='ltr'><strong>nimbi</strong></span> <span class='ocrx_word' id='word_1_189' title='bbox 1096 2362 1242 2435; x_wconf 90' lang='lat' dir='ltr'><strong>ingruunt</strong></span> <span class='ocrx_word' id='word_1_190' title='bbox 1263 2372 1291 2422; x_wconf 91' lang='lat' dir='ltr'><strong>et</strong></span> 
     </span>
     <span class='ocr_line' id='line_1_24' title="bbox 319 2443 1290 2517; baseline 0.002 -16"><span class='ocrx_word' id='word_1_191' title='bbox 319 2449 485 2517; x_wconf 88' lang='lat' dir='ltr'><strong>congestae</strong></span> <span class='ocrx_word' id='word_1_192' title='bbox 506 2444 618 2503; x_wconf 88' lang='lat' dir='ltr'><strong>seculis</strong></span> <span class='ocrx_word' id='word_1_193' title='bbox 634 2443 797 2504; x_wconf 88' lang='lat' dir='ltr'><strong>tabuerunt</strong></span> <span class='ocrx_word' id='word_1_194' title='bbox 813 2445 914 2517; x_wconf 88' lang='lat' dir='ltr'><strong>nives,</strong></span> <span class='ocrx_word' id='word_1_195' title='bbox 938 2444 1099 2504; x_wconf 91' lang='lat' dir='ltr'><strong>devolutus</strong></span> <span class='ocrx_word' id='word_1_196' title='bbox 1114 2451 1235 2505; x_wconf 89' lang='lat' dir='ltr'><strong>torrens</strong></span> <span class='ocrx_word' id='word_1_197' title='bbox 1250 2445 1290 2503; x_wconf 89' lang='lat' dir='ltr'><strong>al·</strong></span> 
     </span>
     <span class='ocr_line' id='line_1_25' title="bbox 318 2525 1289 2601; baseline 0.001 -16"><span class='ocrx_word' id='word_1_198' title='bbox 318 2526 444 2585; x_wconf 87' lang='grc'><strong>1111111111</strong></span> <span class='ocrx_word' id='word_1_199' title='bbox 465 2526 618 2586; x_wconf 89' lang='lat' dir='ltr'><strong>montibus</strong></span> <span class='ocrx_word' id='word_1_200' title='bbox 639 2526 718 2601; x_wconf 88' lang='lat' dir='ltr'><strong>rapit</strong></span> <span class='ocrx_word' id='word_1_201' title='bbox 731 2525 826 2586; x_wconf 90' lang='lat' dir='ltr'><strong>silvas</strong></span> <span class='ocrx_word' id='word_1_202' title='bbox 841 2527 919 2586; x_wconf 90' lang='lat' dir='ltr'><strong>male</strong></span> <span class='ocrx_word' id='word_1_203' title='bbox 932 2526 1093 2587; x_wconf 88' lang='lat' dir='ltr'><strong>haerentes</strong></span> <span class='ocrx_word' id='word_1_204' title='bbox 1108 2534 1139 2587; x_wconf 91' lang='lat' dir='ltr'><strong>et</strong></span> <span class='ocrx_word' id='word_1_205' title='bbox 1152 2544 1231 2587; x_wconf 88' lang='lat' dir='ltr'><strong>saxa</strong></span> <span class='ocrx_word' id='word_1_206' title='bbox 1244 2543 1289 2586; x_wconf 93' lang='lat' dir='ltr'><strong>re·</strong></span> 
     </span>
     <span class='ocr_line' id='line_1_26' title="bbox 317 2609 1290 2684; baseline 0.001 -17"><span class='ocrx_word' id='word_1_207' title='bbox 317 2609 429 2668; x_wconf 89' lang='lat' dir='ltr'><strong>volutis</strong></span> <span class='ocrx_word' id='word_1_208' title='bbox 451 2610 582 2669; x_wconf 85' lang='lat' dir='ltr'><strong>remissa</strong></span> <span class='ocrx_word' id='word_1_209' title='bbox 603 2609 802 2684; x_wconf 85' lang='lat' dir='ltr'><strong>compagibus</strong></span> <span class='ocrx_word' id='word_1_210' title='bbox 824 2617 911 2671; x_wconf 90' lang='grc'><strong>11111.</strong></span> <span class='ocrx_word' id='word_1_211' title='bbox 939 2610 1031 2670; x_wconf 87' lang='lat' dir='ltr'><strong>abluit</strong></span> <span class='ocrx_word' id='word_1_212' title='bbox 1051 2610 1139 2669; x_wconf 87' lang='lat' dir='ltr'><strong>villus</strong></span> <span class='ocrx_word' id='word_1_213' title='bbox 1156 2617 1186 2670; x_wconf 89' lang='lat' dir='ltr'><strong>et</strong></span> <span class='ocrx_word' id='word_1_214' title='bbox 1200 2612 1290 2670; x_wconf 89' lang='lat' dir='ltr'><strong>inter·</strong></span> 
     </span>
     <span class='ocr_line' id='line_1_27' title="bbox 317 2693 1289 2768; baseline 0.002 -17"><span class='ocrx_word' id='word_1_215' title='bbox 317 2694 429 2752; x_wconf 88' lang='lat' dir='ltr'><strong>mixtos</strong></span> <span class='ocrx_word' id='word_1_216' title='bbox 451 2694 610 2766; x_wconf 88' lang='lat' dir='ltr'><strong>domines,</strong></span> <span class='ocrx_word' id='word_1_217' title='bbox 638 2708 749 2768; x_wconf 85' lang='lat' dir='ltr'><strong>greges</strong></span> <span class='ocrx_word' id='word_1_218' title='bbox 774 2693 910 2766; x_wconf 86' lang='lat' dir='ltr'><strong>devehit,</strong></span> <span class='ocrx_word' id='word_1_219' title='bbox 939 2694 1098 2768; x_wconf 88' lang='lat' dir='ltr'><strong>vulsisque</strong></span> <span class='ocrx_word' id='word_1_220' title='bbox 1123 2694 1289 2754; x_wconf 90' lang='lat' dir='ltr'><strong>minoribus</strong></span> 
     </span>
     <span class='ocr_line' id='line_1_28' title="bbox 318 2775 1289 2852; baseline 0.001 -17"><span class='ocrx_word' id='word_1_221' title='bbox 318 2778 420 2848; x_wconf 89' lang='grc'><strong>111111,</strong></span> <span class='ocrx_word' id='word_1_222' title='bbox 443 2793 522 2852; x_wconf 90' lang='lat' dir='ltr'><strong>quae</strong></span> <span class='ocrx_word' id='word_1_223' title='bbox 543 2777 573 2836; x_wconf 94' lang='lat' dir='ltr'><strong>in</strong></span> <span class='ocrx_word' id='word_1_224' title='bbox 594 2775 721 2836; x_wconf 91' lang='lat' dir='ltr'><strong>transitu</strong></span> <span class='ocrx_word' id='word_1_225' title='bbox 743 2775 882 2847; x_wconf 91' lang='lat' dir='ltr'><strong>abduxit,</strong></span> <span class='ocrx_word' id='word_1_226' title='bbox 906 2777 1028 2835; x_wconf 91' lang='lat' dir='ltr'><strong>tandem</strong></span> <span class='ocrx_word' id='word_1_227' title='bbox 1047 2776 1077 2835; x_wconf 94' lang='lat' dir='ltr'><strong>in</strong></span> <span class='ocrx_word' id='word_1_228' title='bbox 1094 2778 1212 2837; x_wconf 87' lang='lat' dir='ltr'><strong>maiora</strong></span> <span class='ocrx_word' id='word_1_229' title='bbox 1229 2778 1289 2836; x_wconf 92' lang='lat' dir='ltr'><strong>vio·</strong></span> 
     </span>
     <span class='ocr_line' id='line_1_29' title="bbox 316 2857 1289 2935; baseline 0.004 -20"><span class='ocrx_word' id='word_1_230' title='bbox 316 2860 416 2918; x_wconf 89' lang='lat' dir='ltr'><strong>lentus</strong></span> <span class='ocrx_word' id='word_1_231' title='bbox 439 2860 566 2919; x_wconf 87' lang='lat' dir='ltr'><strong>aberrat.</strong></span> <span class='ocrx_word' id='word_1_232' title='bbox 593 2859 691 2919; x_wconf 88' lang='lat' dir='ltr'><strong>urbes</strong></span> <span class='ocrx_word' id='word_1_233' title='bbox 714 2866 743 2918; x_wconf 90' lang='lat' dir='ltr'><strong>et</strong></span> <span class='ocrx_word' id='word_1_234' title='bbox 763 2857 916 2935; x_wconf 89' lang='lat' dir='ltr'><strong>inplicitos</strong></span> <span class='ocrx_word' id='word_1_235' title='bbox 937 2859 1027 2920; x_wconf 90' lang='lat' dir='ltr'><strong>trahit</strong></span> <span class='ocrx_word' id='word_1_236' title='bbox 1045 2859 1206 2920; x_wconf 88' lang='lat' dir='ltr'><strong>moenibus</strong></span> <span class='ocrx_word' id='word_1_237' title='bbox 1225 2861 1289 2919; x_wconf 89' lang='lat' dir='ltr'><strong>suis</strong></span> 
     </span>
     <span class='ocr_line' id='line_1_30' title="bbox 317 2941 1289 3016; baseline -0.003 -17"><span class='ocrx_word' id='word_1_238' title='bbox 317 2941 471 3015; x_wconf 89' lang='lat' dir='ltr'><strong>populos,</strong></span> <span class='ocrx_word' id='word_1_239' title='bbox 500 2943 616 3001; x_wconf 88' lang='lat' dir='ltr'><strong>ruinam</strong></span> <span class='ocrx_word' id='word_1_240' title='bbox 648 2958 685 3001; x_wconf 91' lang='lat' dir='ltr'><strong>an</strong></span> <span class='ocrx_word' id='word_1_241' title='bbox 721 2942 912 3016; x_wconf 83' lang='lat' dir='ltr'><strong>naufragium</strong></span> <span class='ocrx_word' id='word_1_242' title='bbox 944 2949 1110 3016; x_wconf 88' lang='lat' dir='ltr'><strong>querantur</strong></span> <span class='ocrx_word' id='word_1_243' title='bbox 1139 2944 1289 3003; x_wconf 83' lang='lat' dir='ltr'><strong>incertos=</strong></span> 
     </span>
     <span class='ocr_line' id='line_1_31' title="bbox 317 3024 1289 3100; baseline 0.002 -19"><span class='ocrx_word' id='word_1_244' title='bbox 317 3024 395 3082; x_wconf 89' lang='lat' dir='ltr'><strong>adeo</strong></span> <span class='ocrx_word' id='word_1_245' title='bbox 418 3024 505 3083; x_wconf 93' lang='lat' dir='ltr'><strong>simul</strong></span> <span class='ocrx_word' id='word_1_246' title='bbox 528 3032 557 3084; x_wconf 90' lang='grc'><strong>11</strong></span> <span class='ocrx_word' id='word_1_247' title='bbox 578 3025 662 3099; x_wconf 89' lang='lat' dir='ltr'><strong>qued</strong></span> <span class='ocrx_word' id='word_1_248' title='bbox 682 3026 867 3100; x_wconf 88' lang='lat' dir='ltr'><strong>opprimeret</strong></span> <span class='ocrx_word' id='word_1_249' title='bbox 887 3032 917 3084; x_wconf 91' lang='lat' dir='ltr'><strong>et</strong></span> <span class='ocrx_word' id='word_1_250' title='bbox 935 3025 1018 3100; x_wconf 91' lang='lat' dir='ltr'><strong>quod</strong></span> <span class='ocrx_word' id='word_1_251' title='bbox 1033 3033 1184 3100; x_wconf 86' lang='lat' dir='ltr'><strong>mergeret</strong></span> <span class='ocrx_word' id='word_1_252' title='bbox 1198 3026 1289 3086; x_wconf 87' lang='lat' dir='ltr'><strong>venit.</strong></span> 
     </span>
     <span class='ocr_line' id='line_1_32' title="bbox 317 3108 1290 3183; baseline -0.002 -15"><span class='ocrx_word' id='word_1_253' title='bbox 317 3115 424 3168; x_wconf 89' lang='lat' dir='ltr'><strong>auctus</strong></span> <span class='ocrx_word' id='word_1_254' title='bbox 446 3109 556 3166; x_wconf 89' lang='lat' dir='ltr'><strong>deinde</strong></span> <span class='ocrx_word' id='word_1_255' title='bbox 577 3124 728 3183; x_wconf 90' lang='lat' dir='ltr'><strong>processu</strong></span> <span class='ocrx_word' id='word_1_256' title='bbox 748 3110 865 3183; x_wconf 84' lang='lat' dir='ltr'><strong>aliquot</strong></span> <span class='ocrx_word' id='word_1_257' title='bbox 882 3108 912 3167; x_wconf 95' lang='lat' dir='ltr'><strong>in</strong></span> <span class='ocrx_word' id='word_1_258' title='bbox 932 3124 967 3167; x_wconf 92' lang='lat' dir='ltr'><strong>se</strong></span> <span class='ocrx_word' id='word_1_259' title='bbox 986 3108 1171 3169; x_wconf 89' lang='lat' dir='ltr'><strong>torrentibus</strong></span> <span class='ocrx_word' id='word_1_260' title='bbox 1194 3109 1290 3183; x_wconf 89' lang='lat' dir='ltr'><strong>raptis</strong></span> 
     </span>
     <span class='ocr_line' id='line_1_33' title="bbox 317 3190 1291 3267; baseline 0 -18"><span class='ocrx_word' id='word_1_261' title='bbox 317 3194 409 3267; x_wconf 87' lang='lat' dir='ltr'><strong>plana</strong></span> <span class='ocrx_word' id='word_1_262' title='bbox 431 3190 545 3265; x_wconf 88' lang='lat' dir='ltr'><strong>passim</strong></span> <span class='ocrx_word' id='word_1_263' title='bbox 560 3193 738 3266; x_wconf 82' lang='lat' dir='ltr'><strong>populatur:</strong></span> <span class='ocrx_word' id='word_1_264' title='bbox 762 3190 929 3251; x_wconf 89' lang='lat' dir='ltr'><strong>novissime</strong></span> <span class='ocrx_word' id='word_1_265' title='bbox 943 3192 973 3250; x_wconf 95' lang='lat' dir='ltr'><strong>in</strong></span> <span class='ocrx_word' id='word_1_266' title='bbox 986 3195 1135 3251; x_wconf 68' lang='lat' dir='ltr'><strong>materiam</strong></span> <span class='ocrx_word' id='word_1_267' title='bbox 1149 3207 1291 3266; x_wconf 88' lang='lat' dir='ltr'><strong>magnam</strong></span> 
     </span>
    </p>
   </div>
   <div class='ocr_carea' id='block_1_3' title="bbox 287 3272 1291 3765">
    <p class='ocr_par' dir='ltr' id='par_1_3' title="bbox 287 3272 1291 3765">
     <span class='ocr_line' id='line_1_34' title="bbox 287 3272 1290 3350; baseline 0 -17"><span class='ocrx_word' id='word_1_268' title='bbox 287 3275 450 3348; x_wconf 80' lang='lat' dir='ltr'><strong>agennum</strong></span> <span class='ocrx_word' id='word_1_269' title='bbox 475 3275 575 3334; x_wconf 90' lang='lat' dir='ltr'><strong>clarus</strong></span> <span class='ocrx_word' id='word_1_270' title='bbox 601 3283 793 3350; x_wconf 90' lang='lat' dir='ltr'><strong>onustusque</strong></span> <span class='ocrx_word' id='word_1_271' title='bbox 818 3274 1004 3334; x_wconf 86' lang='lat' dir='ltr'><strong>diffunditur.</strong></span> <span class='ocrx_word' id='word_1_272' title='bbox 1049 3272 1189 3333; x_wconf 87' lang='lat' dir='ltr'><strong>Flumina</strong></span> <span class='ocrx_word' id='word_1_273' title='bbox 1217 3290 1290 3333; x_wconf 91' lang='lat' dir='ltr'><strong>vero</strong></span> 
     </span>
     <span class='ocr_line' id='line_1_35' title="bbox 316 3357 1290 3432; baseline -0.001 -16"><span class='ocrx_word' id='word_1_274' title='bbox 316 3365 426 3430; x_wconf 88' lang='lat' dir='ltr'><strong>suapte</strong></span> <span class='ocrx_word' id='word_1_275' title='bbox 446 3365 552 3416; x_wconf 88' lang='lat' dir='ltr'><strong>natura</strong></span> <span class='ocrx_word' id='word_1_276' title='bbox 574 3365 660 3416; x_wconf 90' lang='lat' dir='ltr'><strong>vasta</strong></span> <span class='ocrx_word' id='word_1_277' title='bbox 681 3363 710 3416; x_wconf 92' lang='lat' dir='ltr'><strong>et</strong></span> <span class='ocrx_word' id='word_1_278' title='bbox 730 3357 960 3432; x_wconf 88' lang='lat' dir='ltr'><strong>tempestatibus</strong></span> <span class='ocrx_word' id='word_1_279' title='bbox 977 3363 1065 3431; x_wconf 89' lang='lat' dir='ltr'><strong>rapta</strong></span> <span class='ocrx_word' id='word_1_280' title='bbox 1080 3358 1186 3418; x_wconf 90' lang='lat' dir='ltr'><strong>alveos</strong></span> <span class='ocrx_word' id='word_1_281' title='bbox 1200 3357 1290 3417; x_wconf 90' lang='lat' dir='ltr'><strong>relin-</strong></span> 
     </span>
     <span class='ocr_line' id='line_1_36' title="bbox 317 3439 1291 3515; baseline 0.003 -18"><span class='ocrx_word' id='word_1_282' title='bbox 317 3448 420 3513; x_wconf 91' lang='lat' dir='ltr'><strong>quunt.</strong></span> <span class='ocrx_word' id='word_1_283' title='bbox 452 3439 526 3515; x_wconf 92' lang='lat' dir='ltr'><strong>quid</strong></span> <span class='ocrx_word' id='word_1_284' title='bbox 546 3448 575 3499; x_wconf 90' lang='lat' dir='ltr'><strong>tu</strong></span> <span class='ocrx_word' id='word_1_285' title='bbox 602 3440 800 3513; x_wconf 88' lang='lat' dir='ltr'><strong>Rhodanum,</strong></span> <span class='ocrx_word' id='word_1_286' title='bbox 827 3440 898 3513; x_wconf 89' lang='lat' dir='ltr'><strong>quid</strong></span> <span class='ocrx_word' id='word_1_287' title='bbox 920 3446 1009 3513; x_wconf 89' lang='lat' dir='ltr'><strong>putas</strong></span> <span class='ocrx_word' id='word_1_288' title='bbox 1031 3440 1172 3501; x_wconf 89' lang='lat' dir='ltr'><strong>Rhenum</strong></span> <span class='ocrx_word' id='word_1_289' title='bbox 1199 3448 1291 3514; x_wconf 87' lang='lat' dir='ltr'><strong>atque</strong></span> 
     </span>
     <span class='ocr_line' id='line_1_37' title="bbox 315 3521 1289 3601; baseline 0.001 -21"><span class='ocrx_word' id='word_1_290' title='bbox 315 3521 500 3601; x_wconf 86' lang='lat' dir='ltr'><strong>Danubium,</strong></span> <span class='ocrx_word' id='word_1_291' title='bbox 530 3521 641 3596; x_wconf 91' lang='lat' dir='ltr'><strong>quibus</strong></span> <span class='ocrx_word' id='word_1_292' title='bbox 663 3531 781 3583; x_wconf 89' lang='lat' dir='ltr'><strong>torrens</strong></span> <span class='ocrx_word' id='word_1_293' title='bbox 803 3530 832 3583; x_wconf 88' lang='lat' dir='ltr'><strong>et</strong></span> <span class='ocrx_word' id='word_1_294' title='bbox 853 3524 883 3581; x_wconf 94' lang='lat' dir='ltr'><strong>in</strong></span> <span class='ocrx_word' id='word_1_295' title='bbox 904 3522 1001 3582; x_wconf 91' lang='lat' dir='ltr'><strong>canali</strong></span> <span class='ocrx_word' id='word_1_296' title='bbox 1022 3540 1079 3584; x_wconf 91' lang='lat' dir='ltr'><strong>suo</strong></span> <span class='ocrx_word' id='word_1_297' title='bbox 1102 3539 1212 3583; x_wconf 90' lang='lat' dir='ltr'><strong>cursus</strong></span> <span class='ocrx_word' id='word_1_298' title='bbox 1234 3530 1289 3595; x_wconf 90' lang='lat' dir='ltr'><strong>est,</strong></span> 
     </span>
     <span class='ocr_line' id='line_1_38' title="bbox 316 3604 1290 3681; baseline 0.003 -18"><span class='ocrx_word' id='word_1_299' title='bbox 316 3620 385 3664; x_wconf 90' lang='lat' dir='ltr'><strong>cum</strong></span> <span class='ocrx_word' id='word_1_300' title='bbox 407 3608 561 3680; x_wconf 80' lang='lat' dir='ltr'><strong>superfusi</strong></span> <span class='ocrx_word' id='word_1_301' title='bbox 583 3621 678 3665; x_wconf 91' lang='lat' dir='ltr'><strong>novas</strong></span> <span class='ocrx_word' id='word_1_302' title='bbox 701 3606 760 3666; x_wconf 91' lang='lat' dir='ltr'><strong>sibi</strong></span> <span class='ocrx_word' id='word_1_303' title='bbox 781 3608 918 3665; x_wconf 86' lang='lat' dir='ltr'><strong>lecerunt</strong></span> <span class='ocrx_word' id='word_1_304' title='bbox 932 3604 1016 3681; x_wconf 90' lang='lat' dir='ltr'><strong>ripas</strong></span> <span class='ocrx_word' id='word_1_305' title='bbox 1031 3622 1068 3666; x_wconf 90' lang='grc'><strong>11</strong></span> <span class='ocrx_word' id='word_1_306' title='bbox 1082 3606 1184 3666; x_wconf 88' lang='lat' dir='ltr'><strong>scissa</strong></span> <span class='ocrx_word' id='word_1_307' title='bbox 1197 3606 1290 3666; x_wconf 92' lang='lat' dir='ltr'><strong>humo</strong></span> 
     </span>
     <span class='ocr_line' id='line_1_39' title="bbox 287 3686 1289 3765; baseline 0.002 -18"><span class='ocrx_word' id='word_1_308' title='bbox 287 3686 406 3747; x_wconf 86' lang='lat' dir='ltr'><strong>9simul</strong></span> <span class='ocrx_word' id='word_1_309' title='bbox 427 3703 591 3748; x_wconf 87' lang='lat' dir='ltr'><strong>excessere</strong></span> <span class='ocrx_word' id='word_1_310' title='bbox 607 3690 717 3749; x_wconf 69' lang='lat' dir='ltr'><strong>alveo?</strong></span> <span class='ocrx_word' id='word_1_311' title='bbox 746 3695 859 3764; x_wconf 87' lang='lat' dir='ltr'><strong>quanta</strong></span> <span class='ocrx_word' id='word_1_312' title='bbox 874 3704 943 3748; x_wconf 90' lang='lat' dir='ltr'><strong>cum</strong></span> <span class='ocrx_word' id='word_1_313' title='bbox 957 3688 1210 3765; x_wconf 87' lang='lat' dir='ltr'><strong>praecipitatione</strong></span> <span class='ocrx_word' id='word_1_314' title='bbox 1224 3691 1289 3750; x_wconf 89' lang='lat' dir='ltr'><strong>vol·</strong></span> 
     </span>
    </p>
   </div>
   <div class='ocr_carea' id='block_1_4' title="bbox 0 0 1476 4384">
    <p class='ocr_par' dir='ltr' id='par_1_4' title="bbox 0 0 1476 4384">
     <span class='ocr_line' id='line_1_40' title="bbox 0 0 1476 4384; baseline 0 1"><span class='ocrx_word' id='word_1_315' title='bbox 0 0 1476 4384; x_wconf 95' lang='lat' dir='ltr'><strong> </strong></span> 
     </span>
    </p>
   </div>
  </div>
 </body>
</html>
