2942 4384
382 471 433 530 aa
454 471 668 531 nunmrcns
692 470 765 531 uin.
778 473 831 531 tv.
852 480 987 547 ao-er.
1127 468 1169 534 79

191 625 366 697 liscumqne
387 629 448 695 est,
471 620 529 680 sub
548 621 656 680 umbra
679 636 804 680 suorum
825 623 925 681 lateat.
954 623 993 683 Ut
1014 624 1082 682 loca
1101 639 1168 683 sor-

193 708 269 768 dida
292 720 480 780 repercussu
503 704 578 763 solis
593 704 805 779 inlustrantur,
828 706 868 763 ita
888 706 1000 765 inertes
1022 706 1169 766 malornm

195 806 321 851 suorum
335 788 405 847 luce
420 787 647 862 resplendeant.

278 871 384 933 xxxi.
410 870 569 930 Excusare
592 869 739 929 hocloco
761 870 830 942 tibi,
851 871 890 929 mi
908 870 1072 943 Liberalis,
1091 871 1196 933 deos]

193 956 278 1016 volo.
300 954 452 1014 interdum
463 953 542 1011 enim
556 954 690 1012 solemus
701 954 820 1013 dicere:
837 954 909 1028 qnid
925 954 982 1012 sibi
997 955 1089 1013 voluit
1099 970 1169 1029 pro-

193 1036 346 1110 videntia,
368 1051 447 1110 quae
461 1036 625 1095 Aridaeum
647 1052 742 1110 regno
764 1038 920 1109 inposuit?
946 1037 990 1096 llll
1007 1045 1096 1111 putas
1111 1037 1171 1099 hoc

195 1122 322 1181 datura?
336 1119 423 1193 'patri
443 1117 511 1178 eius
536 1119 638 1178 datum
660 1127 707 1179 est
728 1125 759 1178 et
779 1120 870 1179 tratri.
900 1120 1000 1193 Quare
1015 1122 1046 1181 C.
1062 1122 1204 1181 Caesa-2

194 1220 261 1264 rem
275 1201 345 1263 orbi
358 1210 505 1261 terrarum
521 1203 681 1275 praefecit,
703 1202 854 1263 hominem
874 1204 996 1261 humani
1014 1203 1171 1277 sanguinis

195 1286 424 1357 avidissimum,
446 1300 538 1357 quem
559 1301 619 1343 non
641 1286 727 1344 aliter
751 1284 847 1343 liuere
872 1287 902 1344 in
925 1295 1092 1361 conspectu
1113 1302 1171 1345 suo

195 1368 337 1441 iubebat,
359 1368 496 1442 quamsi
521 1383 574 1426 ore
595 1376 782 1442 excepturus
802 1375 907 1427 esset?
935 1367 1011 1440 Quid
1028 1376 1123 1442 ergo?
1140 1378 1172 1427 tu

194 1452 258 1512 boc
279 1450 322 1510 illi
342 1451 445 1509 datum
465 1450 644 1510 existimas?
672 1451 749 1525 patri
771 1451 837 1509 eius
856 1452 1036 1511 Germanico
1059 1452 1171 1524 datum,

196 1551 257 1595 avo
280 1549 459 1609 proauoque
479 1541 509 1593 et
529 1540 598 1593 ante
619 1534 677 1593 hos
697 1535 765 1593 aliis
784 1550 845 1593 non
869 1536 968 1594 minus
984 1534 1074 1593 claris
1091 1535 1172 1607 viris,

197 1618 317 1678 etiamsi
340 1617 449 1691 privati
467 1632 620 1691 paresque
641 1617 707 1676 allis
722 1616 814 1676 vitam
835 1624 1010 1692 exegerunt.
1040 1618 1117 1691 Quid
1132 1624 1205 1689 tu,3

198 1718 268 1761 cum
289 1700 474 1759 Mamercum
494 1699 641 1760 Scaurum
663 1703 821 1761 consulem
846 1703 979 1775 laceres,
1009 1700 1173 1775 ignorabas

199 1784 377 1844 ancillarum
385 1798 509 1842 suarum
520 1784 603 1843 illum
614 1791 800 1843 menstruum
813 1800 865 1844 ore
877 1784 978 1844 hiante
991 1790 1175 1858 exceptare?

199 1866 348 1941 numquid
370 1870 449 1925 enim
469 1866 537 1940 ipse
552 1867 783 1926 dissimulabat?
803 1868 950 1941 numquid
968 1884 1062 1940 purus
1076 1866 1174 1926 videri

199 1951 345 2011 volebat?
373 1950 513 2008 Referam
534 1949 645 2009 dictum
667 1951 732 2008 eius
752 1950 782 2008 in
806 1967 856 2022 se,
883 1951 965 2022 qued
988 1948 1175 2010 circumferri

200 2033 323 2096 memini
342 2038 373 2091 et
385 2032 454 2105 ipso
473 2042 634 2107 praesente
647 2033 775 2091 laudari.
804 2032 932 2091 Pollioni
948 2033 1050 2092 Asinae
1064 2030 1204 2094 iacentia

201 2118 360 2178 obscoeno
378 2116 473 2175 verbo
493 2132 569 2175 usus
591 2117 710 2175 dixerat
731 2132 766 2175 se
783 2116 929 2174 iacturum
946 2115 989 2189 id,
1012 2115 1094 2189 qnod
1114 2114 1175 2188 pati

200 2199 344 2260 malebat.
373 2207 403 2259 et
417 2215 485 2257 cum
499 2198 643 2259 Pollionis
658 2200 870 2259 adtractiorem
887 2198 1015 2257 vidisset
1030 2200 1174 2255 lrontem=

200 2281 374 2357 „Quicquid
387 2282 569 2355 inquit,mali
580 2284 651 2353 dixi,
664 2283 870 2357 mibietcapiti
879 2287 978 2341 meo.“
989 2282 1054 2341 Hoc
1063 2282 1175 2339 dictum

202 2382 293 2427 suum
306 2365 376 2439 ipse
391 2365 539 2425 narrabat.
570 2365 729 2425 Hominem
743 2373 804 2425 tam
819 2368 920 2439 palam
935 2366 1123 2425 obscoenum
1138 2364 1175 2422 ad
1191 2375 1208 2425 5

202 2451 306 2509 fasces
322 2455 353 2507 et
371 2448 410 2507 ad
429 2449 558 2507 tribunal
579 2449 749 2508 admisisti?
778 2464 888 2523 nempe
904 2450 923 2506 d
991 2456 1123 2508 veterem
1144 2448 1176 2505 il·

202 2534 264 2592 lum
280 2530 429 2591 Scaurum
444 2540 568 2592 senatus
584 2531 751 2607 principem
767 2533 897 2605 cogitas,
912 2465 1036 2605 imae
1050 2532 1112 2591 lers
1126 2545 1178 2588 so·

202 2615 386 2677 bolemeius
401 2615 510 2673 iacere.
950 2664 971 2705 ⁸

212 2759 217 2765 ,
288 2696 407 2760 XXXII.
432 2697 514 2757 Deos
538 2698 701 2757 verisimile
726 2705 789 2770 est,
813 2703 846 2756 ut
871 2695 949 2755 alios
970 2694 1205 2768 indulgentiusl

204 2787 336 2843 tractent
351 2787 475 2855 propter
489 2789 632 2855 parentes
647 2797 802 2855 avosque,
818 2781 894 2839 alios
911 2786 1035 2853 propter
1050 2780 1178 2838 laturam

204 2873 352 2940 nepotum
373 2873 637 2939 pronepotumque
657 2882 693 2924 ae
713 2867 804 2938 longe
825 2865 1017 2937 sequentium
1040 2870 1178 2938 postero-

204 2965 272 3009 rum
289 2946 433 3008 indolem.
464 2957 537 3008 nota
551 2948 631 3007 enim
647 2946 706 3007 illis
723 2956 772 3008 est
792 2945 896 3022 operis
911 2948 959 3007 sui
974 2948 1071 3007 series
1085 2945 1179 3005 omni-

199 3046 323 3105 umque
343 3030 402 3090 illis
421 3046 522 3092 rerum
542 3048 616 3091 suas
637 3047 693 3105 per
713 3047 821 3091 manus
842 3032 986 3090 iturarum
1008 3030 1135 3089 seientia
1149 3029 1179 3086 in

205 3122 314 3189 aperto
331 3129 453 3190 semper
468 3123 529 3187 est,
551 3116 640 3175 nobis
662 3132 700 3174 ex
715 3116 818 3174 abdito
835 3114 916 3174 subit
931 3121 960 3172 et
975 3128 1055 3186 quae
1068 3128 1180 3184 repen·

202 3196 271 3258 tina
286 3205 441 3273 putemne,
463 3198 521 3257 illis
542 3200 667 3273 provisa
681 3200 806 3257 veniunt
821 3214 856 3256 ac
871 3195 1038 3253 familiaria.
1068 3194 1134 3253 Sint
1149 3192 1179 3249 bi
1194 3195 1211 3247 2

205 3296 312 3355 reges,
328 3282 402 3357 quia
416 3282 547 3341 maiores
563 3296 667 3342 eorum
690 3287 775 3353 [non]
790 3281 924 3350 luerunt,
941 3277 1012 3351 quia
1028 3291 1083 3351 pro
1099 3292 1181 3334 sum-

204 3379 258 3424 uro
273 3365 402 3439 imperio
418 3364 588 3425 habuerunt
601 3364 760 3433 iustitiam,
783 3361 1007 3434 abstinentiam,
1030 3359 1102 3434 quia
1119 3375 1180 3418 non

206 3448 427 3523 rempublicam
439 3448 506 3520 sibi,
523 3450 578 3508 sed
591 3464 625 3507 se
637 3447 823 3522 reipublicae
835 3446 1022 3505 dicaverunt.
1043 3445 1183 3516 Regnent

207 3530 253 3603 bi,
279 3532 352 3607 quia
370 3531 418 3590 vir
438 3532 537 3591 bonus
553 3533 675 3607 quidam
690 3537 760 3589 ante
771 3546 905 3605 proavus
917 3544 1022 3589 eorum
1040 3528 1108 3599 luit,
1130 3526 1182 3600 qui

206 3616 343 3675 animum
364 3632 459 3689 supra
474 3618 623 3675 lenunam
635 3615 745 3689 gessit,
769 3613 864 3688 quiin
881 3610 1075 3672 dissensione
1092 3610 1181 3683 civili,
1223 3625 1225 3630 ·

209 3700 357 3773 quoniam
376 3699 419 3759 ita
437 3700 621 3774 expediebat
637 3698 839 3773 reipublicae,
853 3696 940 3755 'vinci
955 3711 1047 3774 quam
1058 3693 1182 3753 vincere
