2942 4384
400 455 540 517 uurua.
557 455 718 530 qunusr.
734 454 848 554 pter.
870 460 969 516 e-a.
1110 454 1172 521 101

195 614 245 668 cst
271 621 436 682 corporum
466 615 639 668 nostrorum
669 608 784 682 figuras
809 622 828 666 a
850 607 962 667 nostris
989 610 1170 683 corporibus

195 689 328 750 emissas
350 707 386 750 ac
407 700 580 765 separatas,
602 690 651 749 alii
666 708 726 752 non
743 690 888 765 imagines
903 692 931 749 in
948 694 1090 767 speculo,
1113 696 1170 754 sed

195 774 266 849 ipsa
286 774 407 848 adspici
427 790 557 848 corpora
577 782 691 833 retorta
711 776 868 834 oculorum
884 776 949 834 acie
966 784 996 833 et
1012 776 1041 833 11
1057 791 1091 835 se
1104 794 1169 836 rur-

196 872 252 916 sus
266 857 393 916 reflexa.
415 873 495 916 nunc
509 857 581 915 nilril
597 858 636 916 ad
650 873 713 916 rem
730 859 872 932 pertinet,
897 860 1051 932 quomodo
1068 860 1169 918 videa-

195 956 266 999 mus
279 941 494 1013 quodcumque
507 942 654 1000 videmus.
685 940 748 1000 Sed
761 942 939 1016 [quomodo]
953 942 1051 1014 imago
1064 944 1169 1001 similis
1181 954 1198 1005 1

194 1022 285 1081 reddi
299 1026 456 1096 especulo
469 1023 568 1082 debet.
590 1024 664 1097 quid
675 1030 776 1082 autem
788 1032 836 1083 est
848 1032 905 1082 tam
919 1025 1066 1084 dissimile
1078 1042 1170 1100 quam

196 1108 245 1165 sol
261 1113 292 1164 et
306 1122 411 1178 arcus,
429 1106 459 1163 in
475 1123 536 1180 quo
551 1121 651 1179 neque
666 1106 763 1180 ligura
775 1107 849 1165 solis
862 1122 961 1181 neque
974 1110 1058 1167 color
1070 1124 1170 1184 neque

195 1188 373 1261 magnitudo
388 1191 537 1263 adparet?
556 1204 645 1247 arcus
661 1191 750 1262 longe
763 1190 952 1274 ampliorpst
967 1191 1118 1265 longeque
1133 1207 1171 1251 01

194 1277 299 1347 parte,
330 1288 390 1345 qua
411 1274 519 1346 lulget,
541 1271 740 1331 rubicundior
762 1290 852 1345 quam
874 1274 938 1345 sol,
968 1274 1077 1333 ceteris
1096 1291 1169 1335 vero

197 1353 354 1413 coloribus
376 1355 525 1414 diversus.
562 1356 677 1413 Deinde
698 1371 767 1413 cum
789 1357 867 1415 velis
888 1358 1048 1429 speculum
1067 1359 1198 1417 inessed

196 1436 270 1509 aeri,
286 1437 342 1496 des
355 1445 475 1511 oportet
486 1437 556 1496 mihi
570 1438 717 1509 [eamdem
731 1438 899 1498 laevitatem
913 1438 1075 1511 corporis]
1090 1455 1169 1499 earn·

196 1520 269 1577 dem
295 1522 482 1595 qualitatem,
510 1522 647 1579 eumdem
676 1522 812 1581 nitorem.
846 1522 929 1595 atqui
950 1522 1050 1579 nullae
1072 1523 1170 1582 nubes

195 1602 311 1661 habeut
332 1603 557 1662 similitudinem
576 1604 712 1677 speculi:
741 1621 796 1677 per
821 1606 936 1663 medias
951 1620 1046 1679 saepe
1062 1607 1169 1665 transi-

195 1701 267 1745 mus
287 1701 345 1745 nec
360 1687 388 1744 in
404 1688 462 1745 illis
477 1703 534 1745 nos
550 1687 711 1747 cernimus.
738 1688 789 1761 qui
804 1688 948 1747 montium
965 1704 1082 1756 summa
1097 1705 1170 1748 con·

195 1769 362 1842 scendunt,
391 1777 530 1843 spectant
548 1771 660 1828 nubem
680 1786 738 1829 nec
760 1766 858 1830 111101
882 1771 1042 1844 imaginem
1064 1772 1092 1830 in
1119 1772 1171 1831 illa

196 1867 283 1911 suant
299 1852 480 1927 adspiqunt.
517 1848 641 1926 Singula
655 1853 807 1912 stillicidia
824 1855 942 1927 singula
954 1856 1080 1928 specula
1092 1862 1199 1914 suntsi

197 1935 347 1995 concedo.
376 1936 432 1994 sed
452 1937 523 1994 illud
545 1951 640 2009 nego,
663 1952 702 1994 ex
717 1936 876 1995 stillicidiis
893 1945 1034 1995 constare
1050 1939 1170 1997 nubem.
1212 1997 1214 1999 ,

196 2117 258 2161 101
272 2101 351 2175 ipsa.
378 2117 417 2159 ne
431 2117 541 2175 aquam
558 2103 678 2176 quidem
700 2102 792 2161 habet
808 2104 920 2175 111)οε,
944 2102 998 2160 scd
1014 2104 1169 2161 materiam

194 2183 316 2243 futurae
337 2199 444 2257 aquae.
482 2185 692 2244 Concedamus
712 2186 802 2257 igitur
821 2192 851 2243 01
873 2192 973 2258 guttas
998 2186 1197 2244 innumera-5

194 2266 274 2327 biles
296 2267 552 2327 nubibusinesse
573 2276 603 2328 01
622 2269 688 2327 illas
704 2269 811 2327 taciem
825 2269 970 2340 reddere,
993 2276 1169 2328 nontamen

196 2365 288 2409 unam
316 2365 422 2409 omnes
449 2351 595 2423 reddent,
624 2351 680 2410 sed
705 2352 841 2425 singulae
871 2351 1016 2426 singulas.
1057 2351 1170 2411 deinde

195 2434 273 2492 inter
296 2448 331 2492 se
354 2435 480 2507 specula
502 2436 668 2508 coniunge=
696 2435 727 2493 in
748 2451 838 2494 unam
854 2435 1015 2508 imaginem
1030 2452 1089 2494 non
1107 2436 1165 2494 coi-

194 2516 284 2590 bunt,
306 2516 362 2574 sed
377 2533 517 2591 quaeque
534 2517 680 2593 particula
694 2518 723 2576 in
740 2534 774 2577 se
790 2518 832 2575 rei
848 2517 1072 2577 similitudinem
1088 2519 1168 2578 clau-

195 2599 256 2659 det.
294 2598 371 2659 Sunt
386 2602 535 2674 quaedam
551 2602 679 2686 specula
693 2617 731 2660 cx
745 2600 846 2659 nrultis
859 2602 1042 2673 minutisque
1054 2616 1169 2673 conpo—

196 2682 267 2755 sita,
293 2682 403 2755 quibus
426 2685 452 2741 si
473 2687 570 2742 unum‘
586 2684 757 2743 ostenderis
775 2683 942 2755 hominem,
968 2684 1100 2757 populus
1116 2684 1168 2740 ad·

195 2774 283 2841 paret
296 2782 482 2842 unaquaque
498 2768 645 2841 particula
655 2766 763 2826 1101011
775 2783 859 2825 suam
871 2766 1069 2839 exprimente.
1093 2766 1170 2825 haec

196 2865 264 2908 cum
281 2849 342 2909 sint
356 2851 518 2909 coniuncta
532 2858 562 2909 et
576 2852 664 2909 simul
676 2851 849 2920 conlocata,
867 2850 1061 2908 nihilominus
1078 2850 1168 2909 sedu-

196 2939 268 2992 cunt
288 2932 435 3006 imagines
457 2950 531 2992 suas
547 2940 630 2992 etex
646 2950 706 2992 uno
722 2933 840 2991 turbam
855 2932 1000 2992 alliciunt.
1037 2942 1170 2993 celerum

196 3024 350 3075 catervam
363 3016 444 3075 illam
459 3033 520 3075 101
535 3018 739 3088 1011111111,
764 3017 820 3076 sed
835 3017 1014 3089 diremptam
1029 3018 1059 3075 in
1075 3016 1170 3075 iacies

196 3098 334 3172 singulas
355 3099 540 3178 distrahunt:
561 3107 768 3160 accusantem
782 3116 843 3158 uno
862 3099 1108 3172 circumscriptus
1123 3106 1171 3158 est

196 3182 306 3254 ductu,
330 3198 388 3241 una
408 3182 500 3242 totius
521 3189 568 3241 est
582 3183 686 3242 facies.
722 3182 836 3264 -,‚,Quid
853 3188 948 3253 ergo?
975 3182 1085 3253 inquit,
1109 3191 1198 3244 1010

195 3271 226 3323 01
240 3279 323 3339 aqua
337 3274 426 3339 rupta
441 3266 543 3324 fistula
555 3282 664 3339 sparsa
676 3273 705 3323 el
716 3279 800 3322 remo
813 3279 945 3321 excussa
958 3263 1071 3321 habere
1084 3262 1169 3337 quid-

196 3347 266 3406 dam
282 3348 378 3407 simile
392 3348 456 3419 his,
476 3364 555 3422 quos
571 3349 709 3407 videmus
724 3347 754 3406 in
770 3362 858 3419 arcu,
877 3345 1031 3406 coloribus
1044 3347 1171 3404 soletl“‘

195 3430 312 3490 Verum
327 3439 389 3491 est:
415 3432 469 3491 sed
486 3448 546 3491 101
562 3448 602 3491 ex
616 3431 673 3489 hac
689 3446 799 3502 causa,
822 3446 859 3489 ex
876 3446 937 3504 qua
953 3437 985 3489 tu
1002 3429 1097 3487 videri
1114 3430 1170 3501 vis,

198 3514 272 3589 quia
293 3529 498 3589 unaquaeque
524 3516 603 3574 stilla
626 3514 753 3587 recipiat
775 3513 936 3586 imaginem
962 3514 1047 3572 solis.
1082 3511 1171 3571 citius

198 3598 278 3657 enim
302 3598 416 3656 cadunt
438 3598 548 3671 stillae,
573 3615 663 3672 quam
685 3603 717 3657 11
739 3599 901 3671 concipere
919 3595 1080 3668 imaginem
1099 3611 1172 3669 pos-

198 3681 268 3741 sint
295 3681 439 3741 standum
460 3688 521 3756 est,
542 3682 645 3757 quoad
664 3681 709 3754 id,
733 3682 817 3756 quod
836 3680 989 3739 imitantur
1009 3679 1171 3753 excipiant.
