2942 4384
385 471 526 532 NATUR.
539 471 701 544 QUAEST.
723 472 795 531 LlB.
809 472 859 531 lv.
881 477 979 534 1213.
1105 472 1168 535 255

194 620 393 686 cruditatibus
420 638 479 682 uon
502 621 648 695 temporis
670 628 790 693 aestus,
816 621 872 681 sed
894 637 975 682 suos·
990 620 1096 697 sentit,
1116 626 1168 685 ubi

194 707 328 766 ebrietas
344 706 486 764 continua
499 705 669 764 visceribus
685 704 797 764 insedit
811 712 841 763 et
852 707 1034 779 praecordia
1048 706 1121 780 bile,
1137 708 1167 767 in

194 806 286 865 quam
303 789 442 861 vertitur,
465 795 570 861 torret,
592 786 705 862 aliquid
724 790 901 848 necessario
917 789 1086 863 quaeritur,
1106 808 1167 862 quo

194 880 299 933 aestus
313 872 363 930 ille
378 873 547 945 frangatur,
570 871 622 945 qui
637 871 713 944 ipsis
731 872 818 943 aquis
835 872 1004 945 incalescit,
1025 872 1168 933 remediis

192 955 299 1015 incitat
310 955 422 1014 vitium.
438 955 539 1029 itaque
552 971 612 1013 non
624 961 735 1013 tantum
750 962 878 1026 aestate,
892 956 947 1014 sed
960 956 1058 1014 media
1071 956 1168 1015 hieme

193 1040 296 1097 nivem
320 1038 378 1096 hac
404 1054 497 1097 causa
519 1038 634 1096 bibunt.
665 1037 747 1110 Quae
773 1038 862 1096 huius
878 1039 922 1097 rei
941 1053 1036 1098 causa
1050 1046 1097 1098 est
1111 1040 1201 1098 nisit

193 1122 367 1181 intestinum
391 1124 501 1179 malum
523 1127 552 1179 et
572 1122 645 1179 luxu
666 1128 809 1194 corrupta
831 1122 1025 1195 praecordia,
1058 1122 1168 1196 quibus

193 1206 311 1265 nullum
326 1203 515 1262 intervallum
536 1220 695 1277 umquam,
722 1220 783 1278 quo
805 1205 1090 1279 interquiescerent‚
1116 1206 1168 1264 da·

193 1296 257 1347 tum
279 1295 341 1360 est,
366 1288 422 1346 scd
444 1287 571 1360 prandia
591 1287 696 1345 coenis
718 1288 869 1360 usquein
894 1290 990 1346 lucem
1014 1288 1169 1361 perductis

193 1372 314 1445 ingesta
339 1379 408 1430 sunt
432 1377 461 1428 et
481 1371 629 1429 distentos
653 1371 742 1443 copia
763 1372 944 1429 ferculorum
968 1387 1004 1429 ac
1025 1371 1169 1430 varietate

194 1454 380 1515 comessatio
397 1457 485 1514 altius
500 1453 613 1514 mersit
637 1454 747 1512 deiude
760 1469 922 1527 numquam
938 1454 1109 1511 intermissa
1124 1455 1166 1511 in-

193 1539 393 1612 temperantia
412 1538 556 1611 quicquid
573 1537 661 1595 avide
677 1544 815 1608 coxerat,
839 1536 978 1595 efferavit
999 1538 1070 1594 etin
1087 1537 1153 1594 desi

195 1620 313 1681 derium
340 1637 461 1695 semper
487 1621 556 1680 novi
577 1621 691 1701 ¹rigoris
716 1621 865 1679 accendit
896 1621 1002 1693 ltaque
1029 1620 1198 1693 quamvis?

195 1704 405 1764 coenatiouem
421 1705 498 1763 velis
513 1720 548 1762 ac
564 1702 775 1778 specularibus
797 1705 932 1761 muniant
947 1710 977 1761 et
989 1701 1059 1775 igne
1076 1705 1168 1762 multo

194 1789 321 1857 doment
345 1787 478 1856 hiemen,
507 1786 700 1846 nihilominus
725 1787 901 1845 stomachus
925 1788 974 1844 ille
1001 1787 1118 1845 solutus
1140 1794 1169 1845 et

194 1878 284 1930 aestu
300 1886 357 1929 suo
376 1870 536 1943 languidus
554 1871 670 1942 quaerit
689 1871 819 1942 aliquid,
846 1887 907 1943 quo
929 1870 1069 1942 erigatur.
1100 1885 1169 1927 uam

194 1954 276 2013 sicut
291 1954 390 2013 animo
406 1955 526 2012 relictos
542 1960 761 2026 stupentesque
775 1969 855 2026 aqua
867 1952 975 2026 frigida
987 1954 1169 2025 spargimus

194 2045 226 2097 ut
247 2036 288 2096 ad
303 2051 426 2095 sensum
448 2036 494 2095 sui
514 2037 654 2095 redeant:
675 2036 715 2094 ita
733 2034 855 2095 viscera
874 2037 999 2094 istorum
1016 2036 1093 2093 vitiis
1109 2042 1167 2093 tor-

196 2120 301 2195 pentia
312 2120 385 2178 nibil
402 2120 547 2192 sentiunt,
564 2120 622 2177 nisi
637 2118 750 2192 frigore
765 2120 815 2177 illa
831 2119 1048 2178 vehementiori
1065 2134 1168 2191 perus-

196 2203 285 2263 scris.
307 2203 382 2260 lnde
396 2211 458 2273 est,
474 2203 612 2277 inquam,
629 2203 711 2276 quod
726 2218 782 2260 nec
795 2204 864 2260 nive
876 2201 1021 2276 [quidem]
1037 2202 1169 2260 contenti
1183 2206 1201 2259 8

196 2293 282 2357 sunt,
309 2286 365 2344 sed
389 2287 530 2359 glaciem,
559 2288 641 2344 velut
665 2286 775 2344 certior
796 2284 837 2343 illi
857 2300 896 2342 ex
911 2286 1009 2344 solido
1024 2286 1107 2357 rigor
1121 2285 1169 2355 sit,

197 2370 361 2444 exquirunt
381 2385 418 2427 ac
440 2385 535 2443 saepe
556 2369 692 2443 repetitis
714 2368 804 2442 aquis
827 2369 957 2427 diluunt:
983 2384 1062 2443 quae
1077 2384 1170 2427 none
1192 2427 1194 2430 .

196 2469 317 2513 summo
339 2453 464 2525 tollitur,
494 2453 550 2511 sed
572 2459 604 2510 ut
626 2452 683 2509 vim
700 2452 844 2511 maiorem
864 2450 973 2509 lrabeat
994 2460 1024 2511 et
1039 2453 1169 2525 pertina-

196 2535 262 2596 cius
279 2536 391 2609 irigus,
408 2552 446 2593 ex
462 2536 564 2594 abdito
581 2535 732 2593 effoditur.
771 2535 872 2607 itaque
888 2550 926 2591 ne
941 2551 1033 2592 unum
1049 2535 1170 2607 quidem

196 2626 244 2679 est
258 2619 401 2693 pretium,
429 2619 485 2678 secl
501 2618 593 2677 habet
608 2618 763 2677 institores
779 2633 859 2691 aqua
874 2623 904 2675 et
919 2633 1085 2686 annonam,
1114 2632 1169 2690 pro

197 2703 313 2777 pudor,
336 2702 460 2760 variam.
494 2702 717 2775 Unguentarios
733 2700 965 2759 Lacedaemonii
987 2699 1061 2758 urbe
1076 2716 1155 2773 expu
1185 2707 1203 2758 9

195 2789 298 2846 lerunt
309 2794 338 2845 et
350 2801 481 2859 propere
493 2785 602 2843 cedere
615 2785 725 2843 finibus
739 2784 802 2843 suis
815 2784 975 2856 iusserunt,
989 2783 1059 2856 quia
1072 2785 1170 2841 oleum

196 2870 435 2942 disperderem:-
459 2868 532 2941 quid
559 2868 615 2939 1111,
642 2868 667 2926 si
696 2868 845 2926 vidissent
869 2868 1066 2940 reponendae
1091 2866 1170 2924 nivis

197 2953 338 3011 officinas
360 2958 390 3011 et
415 2958 458 3011 tot
483 2953 615 3011 iumenta
642 2951 810 3025 portandae
838 2967 936 3024 aquae
958 2951 1170 3023 deserviendo,

197 3036 286 3095 cuius
312 3036 446 3094 colorem
473 3052 680 3109 saporemque
707 3034 820 3109 pateis,
847 3033 957 3107 quibus
984 3035 1170 3106 custodiunt,

196 3118 378 3194 inquinant?
409 3120 463 3191 At,
487 3118 518 3177 di
538 3119 625 3189 boni,
649 3134 739 3191 quant
756 3117 843 3175 lacile
858 3123 906 3173 est
920 3118 1114 3189 exstinguere
1130 3116 1169 3173 si-

195 3203 249 3261 tim
265 3208 386 3261 sanam!
410 3201 471 3261 Sed
488 3201 559 3275 auid
578 3201 689 3259 sentire
706 3205 837 3272 possunt
851 3206 1006 3256 emortuae
1021 3200 1126 3256 lauces
1142 3203 1212 3255 etto

197 3286 364 3343 occallatae
380 3284 456 3344 cibis
473 3285 669 3344 ardentibus?
688 3280 947 3355 Quemadmodum
962 3279 1034 3338 nihil
1049 3282 1107 3338 illis
1123 3296 1171 3338 sa·

195 3368 235 3428 tis
251 3368 407 3443 frigidum,
430 3369 474 3427 sic
489 3368 561 3427 nihil
577 3367 650 3426 satis
667 3367 798 3426 calidum
813 3371 873 3437 est,
890 3365 945 3423 sed
961 3363 1102 3422 ardentes
1116 3362 1170 3420 bo·

195 3454 276 3512 letos
298 3457 327 3509 et
346 3452 456 3526 raptim
471 3452 647 3511 indumento
663 3466 719 3509 suo
736 3456 886 3508 mersatos
902 3447 1059 3506 demittunt
1073 3461 1172 3520 paene

196 3537 370 3607 fumantes,
398 3551 476 3609 quos
503 3534 612 3593 deiude
637 3533 825 3606 restinguant
849 3530 959 3591 nivatis
985 3528 1170 3605 potionibus.

196 3618 340 3690 Videbis,
363 3618 503 3694 inquam,
525 3617 676 3691 quosdam
691 3616 821 3689 graciles
836 3622 866 3674 et
881 3614 1003 3689 palliolo
1018 3613 1172 3685 locutique

197 3701 420 3776 circumdatos,
444 3702 593 3777 pallentes
613 3708 643 3760 et
664 3714 773 3775 aegros
789 3713 850 3757 non
866 3698 993 3779 sorbere
1012 3698 1111 3757 solum
1127 3697 1170 3755 ni·
