2942 4384
270 442 332 506 110
554 440 587 499 L.
609 437 755 499 Annum
777 437 952 499 summu
1096 489 1107 514 ,

269 594 409 654 neiicium
424 598 524 651 manet
538 607 594 651 nec
608 591 751 663 debetur,
773 591 800 649 si
814 598 919 649 secuta
933 598 980 651 est
994 592 1120 653 dantem
1141 593 1239 669 poeni·

269 678 375 750 tentia,
396 677 422 736 si
435 677 579 735 miserum
591 690 625 734 se
636 674 726 744 dixit,
744 674 828 747 quod
840 674 992 747 dedisset,
1007 676 1050 748 si,
1067 692 1139 736 cum
1154 679 1241 750 daret,

269 758 448 836 suspiravit,
470 760 583 816 voltum
599 757 740 828 adduxit,
764 757 892 829 perdere
907 773 942 816 se
953 758 1098 831 credidit,
1118 777 1181 842 non
1194 762 1240 820 do·

268 860 350 903 nare.
379 843 405 901 si
421 858 478 901 sua
492 856 587 900 causa
601 848 651 899 aut
666 848 748 899 certe
764 855 824 898 non
840 855 908 898 mea
922 840 1013 899 dedit.
1035 842 1141 901 sinon
1159 843 1242 902 desiit

267 928 426 996 insultare,
454 923 576 998 gloriari
601 922 764 996 et‘ubiuue
785 923 898 981 iactare
918 928 948 981 ct
967 924 1113 983 acerbum
1136 942 1243 986 munus

239 1011 354 1069 isuum
374 1009 483 1066 tacere.
519 1006 622 1064 Manet
636 1005 831 1075 beneficium,
853 1007 992 1078 quamvis
1008 1023 1070 1066 non
1087 1008 1242 1080 debeatur,

267 1092 355 1151 sicuti
372 1090 522 1163 quaedam
538 1089 701 1163 pecuniae,
723 1089 762 1145 de
777 1086 888 1161 quibus
903 1087 951 1149 ius
966 1090 1111 1151 creditori
1127 1110 1192 1152 non
1202 1092 1242 1151 di·

268 1174 357 1245 citur,
379 1172 527 1231 debentur
542 1172 597 1231 sed
612 1188 671 1231 non
687 1172 858 1244 exiguntur.
1158 1239 1162 1246 .

239 1273 253 1324 1
327 1258 365 1315 V.
391 1254 528 1328 „Dedisti
548 1254 744 1325 beneficium,
772 1252 910 1312 iniuriam
935 1263 1043 1327 postea
1071 1256 1190 1317 iecistiz
1216 1266 1259 1317 et·

266 1339 416 1398 beneficio
438 1338 534 1412 gratia
557 1338 684 1396 debetur
704 1343 734 1394 et
754 1336 881 1396 iniuriae
903 1338 1007 1397 uitio.“
1049 1339 1114 1398 Nec
1130 1356 1189 1415 ego
1205 1341 1242 1399 iiii

266 1422 391 1495 gratiam
413 1422 511 1481 debeo
532 1436 589 1479 nec
608 1419 658 1479 iiie
678 1419 751 1477 mibi
766 1435 913 1493 poenam:
936 1422 1011 1481 aiter
1024 1421 1063 1479 ab
1079 1422 1177 1485 attero
1192 1425 1240 1482 ab·

237 1504 402 1571 esoivitur.
441 1505 511 1563 Cum
527 1503 671 1562 dicimus:
693 1503 875 1562 beneficium
893 1503 1083 1573 utimedici,
1108 1522 1172 1565 non
1187 1503 1254 1566 hoc'

267 1588 409 1659 dicimus,
429 1586 504 1646 iilud
519 1602 592 1657 noS,
616 1584 700 1659 quod
716 1600 949 1659 acceperamuS,
975 1587 1166 1661 reddidisse,
1189 1589 1242 1648 sed

138 1705 139 1708 =
219 1730 221 1735 ,
266 1672 346 1729 atiud
370 1687 424 1744 pro
446 1669 508 1729 iiio.
537 1668 702 1727 reddere
724 1668 803 1726 enim
824 1677 871 1727 est
892 1685 965 1728 rem
990 1687 1056 1743 pro
1080 1688 1119 1731 re
1144 1673 1242 1731 dare.

266 1754 392 1827 quidni?
413 1768 481 1820 cum
497 1752 594 1810 onmis
610 1751 720 1810 solutio
736 1768 795 1809 non
810 1751 888 1809 idem
903 1752 1025 1823 reddat,
1042 1754 1099 1812 sed
1113 1762 1240 1815 tanturn-

266 1837 344 1898 dem.
371 1843 484 1895 namet
500 1835 659 1909 pecuniam
674 1833 803 1892 dicimur
817 1835 1006 1906 reddidisse,
1030 1838 1174 1910 quamvis
1189 1854 1240 1897 nu·

265 1919 481 1978 meraverimus
504 1935 558 1993 pro
581 1918 732 1991 argenteis
754 1933 881 1988 aureos,
911 1918 1050 1991 quanruis
1072 1936 1133 1979 non
1153 1920 1241 1980 inter-

266 2005 403 2062 venerint
417 2003 544 2072 nummi,
568 2001 625 2060 sed
640 2001 830 2073 delegatione
845 2008 875 2059 et
891 2000 992 2059 verbis
1009 2004 1145 2075 perfecta
1161 2004 1241 2064 solu-

236 2083 305 2148 3tio
328 2085 376 2144 sit.
413 2083 535 2145 Videris
551 2084 622 2142 mibi
634 2083 756 2141 dicere:
781 2084 908 2156 „Perdis
925 2099 1060 2157 operam.
1093 2104 1240 2160 quorsum

265 2168 344 2227 enim
367 2168 496 2241 pertinet
518 2167 596 2227 scire
618 2182 679 2235 nae,
703 2183 741 2224 an
757 2173 891 2236 maneat,
915 2169 997 2240 quod
1016 2185 1075 2227 non
1092 2170 1241 2232 debeturr

265 2250 548 2309 iurisconsuuorum
562 2250 637 2307 istae
651 2249 784 2321 ineptiae
799 2257 870 2309 sunt
883 2257 1006 2323 acutae,
1022 2252 1073 2326 qui
1089 2252 1240 2313 heredita·

264 2339 323 2390 tem
344 2340 456 2405 negant
477 2331 604 2405 usucapi
632 2347 740 2405 posse,
769 2333 825 2391 sed
850 2348 887 2391 ea
912 2349 992 2407 qrrac
1018 2334 1047 2392 in
1073 2335 1239 2396 hereditate

265 2421 350 2485 sunt,
378 2421 529 2489 tamquam
557 2414 718 2489 quicquam
745 2415 825 2474 atiud
852 2416 890 2474 sit
912 2416 1065 2475 hereditas
1087 2435 1178 2490 quarn
1205 2434 1240 2477 ea

235 2497 345 2571 tquae
359 2498 388 2555 in
404 2497 569 2560 hereditate
581 2504 659 2557 sunt.
694 2498 769 2557 liind
783 2498 883 2571 potius
896 2499 967 2556 mibi
980 2500 1141 2574 distingue,
1157 2503 1239 2577 quod

264 2577 366 2655 potest
380 2581 419 2640 ad
434 2598 496 2640 rem
513 2581 679 2655 pertinere,
696 2598 764 2640 cum
778 2582 855 2639 idem
872 2581 961 2640 bomo
974 2583 1156 2643 beneficium
1169 2584 1239 2644 mihi

264 2666 347 2726 dedit
367 2673 397 2725 et
417 2673 526 2739 postea
546 2664 617 2723 seuit
638 2664 791 2735 iniurium,
815 2671 915 2723 utrum
936 2673 966 2723 ει
989 2666 1173 2726 beneficium
1198 2667 1239 2726 itti

199 2822 201 2826 y
262 2750 392 2809 reddere
412 2749 540 2808 debeam
561 2754 592 2807 et
611 2763 659 2805 me
680 2748 718 2806 ab
740 2748 790 2807 iiio
812 2746 1005 2807 nibilominus
1028 2750 1184 2809 vindicare
1203 2765 1239 2809 ae

262 2832 354 2891 vetuti
376 2831 497 2890 duobus
514 2830 686 2889 nominibus
702 2830 867 2905 separatim
883 2833 1087 2905 respondere,
1110 2850 1149 2892 an
1167 2835 1239 2892 alte-

261 2930 327 2973 rum
351 2914 436 2972 atteri
458 2912 650 2972 contribuere
665 2920 695 2971 et
715 2914 786 2973 nihii
803 2915 914 2987 negotii
929 2915 1057 2988 habere,
1076 2924 1110 2974 ut
1123 2917 1238 2975 beneti-

263 2996 342 3055 cium
364 2995 473 3055 iniuria
491 2997 628 3069 tollatur,
650 2997 799 3056 beneficio
818 2997 937 3056 iniuria.
965 2999 1038 3058 titud
1053 3000 1132 3057 enim
1148 3000 1239 3058 video

263 3080 292 3137 in
307 3079 367 3139 hoo
382 3079 448 3138 foro
463 3079 543 3140 fleri:
567 3079 640 3155 quid
655 3080 684 3138 in
701 3088 802 3139 vestra
817 3080 924 3139 scitota
935 3082 1007 3141 iuris
1019 3083 1072 3151 sit,
1088 3099 1147 3142 vos
1160 3083 1238 3142 seia-

233 3163 310 3224 5tis.
349 3163 536 3237 Separantur
556 3165 708 3235 actiones,
730 3171 760 3221 et
780 3165 819 3223 de
839 3179 877 3224 eo
896 3166 1004 3238 [quod]
1020 3163 1138 3239 agimus
1154 3173 1184 3225 et
1201 3166 1240 3225 de

262 3263 299 3308 eo
312 3247 471 3306 nobiscum
483 3247 589 3322 agitur.
612 3263 672 3306 non
687 3247 882 3307 contunditur
894 3248 1037 3307 tormuiar
1058 3249 1144 3323 siqui
1156 3249 1239 3322 apud

262 3347 311 3390 me
331 3331 491 3405 pecuniam
507 3330 701 3405 deposuerit,
723 3330 802 3390 idem
818 3330 891 3389 mihi
907 3341 1014 3405 posteo
1031 3333 1142 3391 turtum
1158 3334 1238 3390 fece

262 3413 314 3487 rit,
335 3420 364 3472 et
378 3429 436 3487 ego
453 3414 589 3474 cumdio
605 3415 674 3473 furti
688 3430 777 3488 agam
792 3422 821 3473 et
834 3414 884 3473 iile
899 3431 1018 3475 mecum
1032 3414 1197 3490 depositi.“

235 3503 250 3554 1
323 3498 376 3557 Vl.
405 3496 489 3570 Quae
510 3496 711 3571 proposuisti,
742 3498 779 3556 mi
800 3497 961 3571 Liberalis,
983 3501 1124 3572 exempta
1147 3498 1238 3557 certis

263 3579 381 3653 iegibus
398 3581 603 3651 continentur,
626 3596 703 3653 quas
716 3596 845 3639 necesse
856 3587 903 3638 est
914 3583 1018 3655 sequi:
1041 3582 1092 3641 tex
1103 3582 1160 3655 tegi
1175 3597 1236 3639 non

261 3662 413 3723 miscetur.
442 3672 573 3740 utraque
592 3678 648 3722 sua
669 3664 717 3723 via
738 3664 773 3723 in
795 3662 967 3737 depositum
981 3665 1072 3726 habet
1086 3667 1236 3726 actionem
