2942 4384
384 451 525 513 uanus.
542 452 703 526 ouansr.
722 454 796 514 uro.
811 456 847 513 u.
866 464 998 518 n-ss.
1114 456 1178 520 eoo
1279 542 1282 547 p

203 604 363 666 Ciceronis
374 605 481 666 umbra
494 606 669 679 pressisset.
690 605 869 666 Etiamnunc
881 607 932 667 illo
945 609 1040 668 verbo
1050 610 1176 670 uteban-
1190 625 1207 678 2

202 698 252 750 tur
274 689 391 763 antiqui
410 698 571 763 correpto,
594 707 654 763 quo
671 705 728 749 nos
744 691 895 764 producta
910 708 971 750 uua
986 694 1105 768 syllaba
1119 695 1174 754 uti-

201 789 284 833 murz
309 771 439 832 dicimus
452 774 532 832 enirn
546 780 579 833 ut
593 773 804 847 splendere
825 776 869 835 sic
885 776 897 833 l
902 775 1044 849 algere.
1073 783 1103 835 at
1118 778 1176 836 illis

201 856 242 916 ad
263 854 496 931 significandam
516 856 595 915 hanc
615 871 633 914 e
653 856 785 916 nubibus
807 858 926 916 subitae
947 858 1024 917 lucis
1043 860 1175 932 eruptio-

202 955 272 999 nem
299 956 366 999 mos
393 947 460 1000 erat
483 947 624 1014 correpta
643 940 744 999 media
767 940 886 1017 syllaba
904 942 963 1016 uti,
989 948 1022 1001 ut
1042 942 1177 1002 dicerent

201 1021 364 1097 fulgine.

264 1106 356 1165 Lvtt.
379 1106 476 1178 Quid
497 1104 587 1181 ipse
604 1106 828 1166 existimem
845 1108 1029 1181 quaeris?
1047 1107 1206 1167 adhuel

200 1189 1176 1263 enimalienisopinionibuscammodavimanum

200 1274 311 1333 dicam.
342 1272 505 1347 Fulgurst,
529 1290 597 1332 cum
621 1266 811 1347 repentinum
834 1275 896 1332 late
921 1274 1020 1332 lumen
1047 1275 1177 1334 emicuit.

201 1356 234 1416 id
250 1356 369 1429 evenit,
398 1355 448 1415 ubi
471 1371 524 1415 aer
545 1357 695 1430 inignem
717 1357 889 1416 extenuatis
905 1358 1036 1417 nubibus
1052 1357 1177 1416 vertitur

200 1454 259 1499 nec
273 1438 370 1509 vires,
399 1440 509 1513 quibus
524 1440 646 1513 longius
662 1439 974 1514 prosiliret„invenit.
1007 1440 1073 1499 Non
1091 1441 1209 1497 mira-2

200 1522 261 1594 ris,
286 1528 374 1595 puto,
397 1522 424 1582 si
445 1526 517 1583 aira
538 1530 589 1582 aut
603 1531 703 1583 motus
719 1531 864 1582 extenuat
878 1532 929 1583 aut
944 1523 1117 1583 extenuatio
1132 1524 1175 1581 in-

200 1606 318 1665 cendit:
345 1606 390 1663 sic
412 1605 554 1680 liquescit
567 1622 701 1666 excussa
715 1607 802 1681 glans
818 1607 912 1665 lunda
928 1614 957 1666 ct
971 1607 1086 1665 adtritu
1097 1608 1176 1665 aeris

201 1690 285 1749 velut
309 1687 379 1761 igne
404 1689 536 1749 distillat.
569 1690 638 1748 ideo
662 1690 791 1762 plurima
811 1697 926 1749 aestate
948 1690 1023 1748 fiunt
1042 1690 1175 1760 lulmina,

199 1788 261 1846 qua
276 1770 438 1845 plurimum
453 1772 542 1831 calidi
557 1779 613 1831 est.
637 1774 753 1831 facilius
769 1780 867 1831 autem
884 1772 995 1832 adtritu
1010 1774 1176 1831 calidorum

198 1854 281 1929 ignis
301 1853 428 1914 exsistit.
452 1855 567 1914 Eodem
588 1862 688 1914 autem
709 1857 801 1915 modo
823 1857 856 1914 nt
878 1857 992 1928 fulgur,
1015 1857 1098 1929 quod
1113 1861 1207 1915 tan-3

199 1947 263 1998 tum
285 1937 440 2018 splendet,
466 1945 496 1997 et
517 1940 643 2008 fulmen,
674 1939 758 2012 quod
778 1938 920 1997 incendit.
954 1939 1008 1996 sed
1026 1938 1067 1997 illi
1083 1940 1177 1997 levior

199 2022 247 2081 vis
271 2020 464 2094 alimentique
486 2021 586 2080 minus
602 2028 662 2093 est,
695 2028 738 2094 et,
769 2030 801 2081 ut
822 2022 953 2080 breviter
974 2020 1072 2079 dicam
1093 2022 1176 2093 quod

200 2105 318 2175 sentio,
349 2105 461 2163 lulmen
485 2114 532 2164 est
554 2107 654 2179 fulgur
675 2103 831 2164 intentum.
863 2104 943 2177 Ergo
959 2104 1010 2163 ubi
1026 2104 1115 2162 calidi
1131 2106 1176 2162 lu·

199 2187 338 2262 midique
358 2186 483 2246 materia
502 2189 616 2247 emissa
636 2188 725 2247 terris
740 2188 769 2246 in
791 2186 888 2246 nubes
904 2186 1008 2245 incidit
1022 2194 1052 2246 et
1073 2186 1126 2246 diu
1146 2188 1176 2245 in

198 2272 319 2331 illarum
334 2271 402 2330 sinu
419 2270 552 2331 volutata
566 2279 629 2343 est,
651 2270 820 2331 novissime
834 2271 965 2345 erumpit
979 2278 1023 2344 et,
1047 2271 1118 2344 quia
1133 2272 1176 2329 vi-

199 2371 250 2414 res
268 2370 328 2414 non
344 2353 449 2425 habet,
472 2354 620 2429 splendor
634 2364 691 2416 est.
728 2355 823 2414 alubi
839 2355 889 2413 illa
904 2355 1023 2427 fulgura
1040 2356 1108 2429 plus
1123 2354 1175 2414 ba·
1189 2361 1207 2413 4

199 2438 297 2498 buere
309 2438 466 2511 materiae,
489 2440 540 2515 [et]
556 2440 671 2497 maiore
685 2439 790 2513 inpetu
804 2447 956 2507 arserunt,
976 2439 1106 2497 sednon
1123 2438 1175 2496 ad-

200 2528 312 2595 parent
327 2527 456 2593 tantum,
479 2521 534 2580 sed
551 2522 703 2581 decidunt.
740 2521 866 2593 Quidam
885 2522 1058 2580 existimant
1073 2521 1177 2593 utique

201 2606 316 2664 lulmen
331 2604 458 2676 reverti,
475 2605 597 2679 quidam
614 2604 790 2677 subsidere,
811 2603 862 2662 ubi
878 2604 1019 2661 alimenta
1033 2618 1176 2679 praegra-

199 2694 350 2747 vaverunt
363 2694 394 2746 et
408 2689 517 2746 fulmen
534 2687 594 2747 ictu
610 2687 797 2763 languidiore
813 2687 943 2745 delatum
958 2692 1015 2745 est.

263 2770 367 2830 Lvttt.
389 2773 454 2842 „At
475 2788 570 2845 quare
591 2773 700 2830 lulmen
718 2770 850 2829 subitum
866 2771 995 2843 adparet
1009 2784 1065 2827 nec
1081 2768 1175 2826 conti·
1193 2770 1207 2821 l

200 2861 313 2915 anatur
330 2853 479 2913 adsiduus
494 2855 619 2930 ignist“
644 2854 715 2929 quia
731 2855 812 2912 celer
831 2853 909 2927 iguis
924 2853 1061 2926 undique
1076 2860 1176 2911 motus

200 2938 293 2999 simul
316 2944 345 2996 et
367 2937 464 2997 nubes
487 2940 598 3013 rumpit
619 2948 649 2999 et
670 2941 743 2997 adra
762 2936 904 2996 incendit.
937 2935 1050 2995 deinde
1066 2936 1178 2995 desinit

200 3021 324 3081 damma
338 3029 422 3080 ntotu
438 3023 623 3094 quiescente.
653 3038 712 3081 non
730 3022 809 3079 enim
825 3020 974 3081 adsiduus
989 3029 1038 3079 est
1052 3019 1176 3093 spiritus

201 3120 328 3178 cursus,
347 3111 379 3164 ut
393 3104 472 3178 ignis
488 3106 587 3178 possit
601 3106 739 3175 extendi,
757 3104 813 3162 sed
829 3103 970 3177 quotiens
986 3102 1093 3161 lortius
1109 3101 1179 3174 ipsa

200 3189 362 3248 iactatione
385 3203 419 3246 se
442 3190 600 3261 accendit,
627 3187 762 3262 fugiendi
788 3187 922 3258 inpetum
944 3185 1034 3256 capit.
1066 3183 1177 3242 deinde

199 3287 270 3331 cnm
293 3271 391 3330 evasit
411 3279 441 3330 et
461 3287 563 3346 pugna
584 3272 707 3343 desivit,
733 3285 773 3327 ex
788 3268 894 3326 eadem
910 3282 1004 3325 causa
1019 3266 1110 3323 modo
1126 3282 1177 3324 us-

200 3370 264 3430 que
286 3356 326 3414 ad
349 3361 458 3413 terram
480 3358 646 3429 profertur,
671 3352 764 3412 modo
780 3358 849 3409 ante
864 3350 1056 3420 dissolvitur,
1082 3347 1109 3406 si
1123 3349 1176 3406 mi·

200 3453 277 3498 nore
298 3438 327 3497 vi
342 3454 468 3513 pressus
491 3446 549 3499 est.
584 3484 601 3513 „
612 3439 711 3511 Quare
729 3435 852 3509 oblique
867 3436 1006 3494 lerturt“
1028 3430 1100 3506 quia
1116 3432 1210 3505 spi-2

198 3522 260 3583 ritu
274 3529 402 3582 constat.
425 3521 550 3596 spiritus
566 3530 665 3581 autem
682 3519 826 3594 obliquus
841 3526 888 3579 est
903 3518 1124 3589 flexuosusque
1139 3523 1177 3589 et,

199 3603 276 3681 quia
297 3613 405 3665 natura
426 3606 526 3677 ignem
548 3622 670 3665 sursum
693 3612 798 3675 vocat,
824 3602 933 3662 iniuria
947 3600 1091 3659 deorsum
1108 3614 1176 3672 pre-

199 3690 268 3761 mit,
286 3688 392 3764 incipit
405 3689 549 3762 obliquus
561 3704 642 3750 csse.
665 3687 816 3749 interdum
829 3692 936 3747 neutra
950 3683 997 3743 vis
1023 3681 1108 3742 alteri
1127 3698 1175 3750 ce-

243 3793 429 3834 surrentum.
445 3776 477 3831 lt.
976 3773 1010 3827 14
