2942 4384
381 460 447 526 ‚DE
467 456 680 520 BENEFlCilS
702 458 853 518 LIB.V11.
873 466 972 521 4-7.
1105 459 1168 522 139

193 612 264 671 iilos
275 616 429 685 tamquam
444 618 550 669 auctor
564 610 636 681 sibi,
652 610 727 668 aiter
742 617 894 682 tamquam
901 617 1025 683 emptor
1036 611 1166 674 adserit=

193 703 225 754 at
235 702 319 754 recte
330 694 490 767 utriusque
501 693 641 751 dicuntur
652 708 732 751 esse.
755 694 913 766 utriusque
924 694 1003 751 enim
1015 703 1093 766 sunt,
1110 696 1166 755 sed

193 794 256 837 uon
275 777 386 835 eodem
408 776 509 835 modo.
537 775 582 834 sic
606 784 707 849 potest
726 775 759 832 T.
769 776 871 834 Livius
892 792 911 834 o
929 777 1009 836 Doro
1025 778 1166 851 accipere

193 869 247 920 eut
266 874 369 919 emere
390 859 484 918 iibros
504 874 590 917 suos.
628 857 758 917 Possum
780 858 894 917 donare
915 859 1060 932 sapienti,
1081 860 1195 933 quodp

194 943 305 1003 uiritim
325 957 424 1000 meum
440 949 501 1013 est,
523 943 592 1000 licet
609 940 687 999 iilius
702 940 764 1000 sint
776 940 887 999 omnia.
914 957 981 999 nam
998 958 1064 1001 cum
1081 942 1166 1015 regio

193 1041 281 1084 more
305 1032 415 1083 cuncta
438 1024 624 1084 conscientia
649 1024 826 1096 possideat,
857 1024 1041 1098 singularum
1066 1034 1166 1085 autem

192 1124 296 1168 rerum
310 1108 340 1165 in
353 1122 599 1181 unumquemque
613 1108 784 1179 proprietas
795 1107 834 1188 sit
845 1122 969 1180 sparsa,
985 1116 1015 1167 et
1026 1109 1167 1183 accipere

194 1208 306 1250 nunnus
322 1198 352 1249 et
366 1190 492 1262 debere,
513 1197 543 1247 et
559 1205 659 1247 emere
674 1197 704 1248 et
718 1191 891 1249 conducere
909 1199 1017 1263 potest.
1049 1184 1196 1263 'Caesar3

194 1273 298 1335 omnia
318 1271 422 1345 habet,
450 1273 546 1332 fiscus
567 1273 634 1332 eius
650 1271 768 1346 privata
782 1279 896 1331 tontum
912 1289 948 1332 ac
964 1289 1030 1332 sua.
1058 1284 1087 1334 et
1102 1275 1165 1333 uni·

195 1373 288 1415 versa
301 1356 331 1413 in
347 1355 473 1429 imperio
489 1354 555 1415 eins
569 1362 653 1427 sunt,
676 1354 705 1412 in
724 1354 904 1428 patrimonio
921 1357 1053 1430 propria.
1089 1356 1168 1429 Quid

193 1441 262 1499 eius
277 1440 332 1508 sit,
352 1439 424 1511 quid
439 1454 499 1496 non
517 1438 570 1507 sit,
587 1438 655 1497 sine
666 1437 862 1496 diminutione
874 1438 990 1512 imperii
1003 1439 1166 1511 quaeritur.

193 1521 311 1581 numid
327 1536 464 1596 quoque,
487 1521 570 1595 quod
587 1529 739 1594 tamquam
754 1521 886 1582 atienum
897 1519 1096 1594 deiudicetur,
1113 1520 1166 1579 aii-

193 1613 241 1665 ter
254 1605 335 1664 itlius
351 1610 408 1663 est
444 1604 495 1663 Sic
510 1604 635 1678 sapiens
650 1604 794 1663 universa
809 1604 908 1663 animo
925 1605 1079 1679 possidet,
1102 1604 1167 1664 iure

194 1703 232 1747 ac
247 1686 382 1747 dominio
397 1702 462 1745 sua.

257 1771 324 1829 Vil.
351 1770 427 1829 Bion
450 1771 542 1830 modo
565 1786 671 1829 omnes
693 1771 859 1845 sacrilegos
885 1771 1070 1846 argumentis
1096 1786 1195 1845 esse1

194 1852 323 1928 rodigii,
347 1854 438 1913 modo
454 1854 613 1912 neminem.
650 1854 723 1912 Cum
735 1870 840 1913 omnes
853 1855 891 1913 de
904 1872 981 1915 saxo
994 1855 1167 1915 deiecturus

194 1944 259 2008 est,
281 1936 370 1995 dicits
399 1937 533 2011 Quouis
546 1938 593 2009 id,
616 1938 696 2011 quod
709 1938 830 1996 deorum
845 1944 901 2006 est,
924 1942 1041 1997 sustulit
1052 1946 1081 1998 et
1091 1955 1168 1998 con-

193 2022 318 2094 sumpsit
338 2026 426 2094 atque
446 2022 477 2079 io
497 2036 581 2079 osum
594 2036 678 2079 suum
692 2022 790 2091 notit,
813 2022 978 2092 sorr-depos
991 2029 1042 2079 est.
1069 2025 1169 2081 omnia

193 2110 292 2163 autern
312 2103 432 2162 &orrum
446 2109 522 2161 aaut.
549 2104 629 2176 quod
642 2104 765 2176 quisque
778 2119 849 2176 erpo
862 2106 949 2173 tollit,
973 2104 1094 2163 demum
1109 2106 1168 2162 tot-

193 2189 242 2257 tit,
263 2201 386 2259 quorum
406 2188 504 2245 omniu
523 2191 611 2245 sont:
633 2203 705 2259 erpo
724 2188 855 2259 quisquis
874 2188 946 2245 tollit
959 2188 1087 2259 otr'qord,
1111 2203 1167 2244 so-

193 2270 326 2341 crilcpus
344 2276 395 2328 est.
428 2268 561 2339 Deinde,
585 2284 652 2327 cum
674 2268 793 2342 effringi
811 2269 923 2343 tempta
937 2276 967 2329 et
981 2270 1107 2343 expilari
1122 2270 1196 2336 ino

196 2366 278 2425 pune
294 2350 473 2425 Capitolium
489 2350 584 2423 iubet,
603 2351 675 2411 dicit
688 2356 801 2411 nullum
814 2356 990 2425 sucrilcoum
1005 2370 1076 2413 esce.
1097 2355 1167 2428 quio

194 2435 499 2509 proprietariorum
518 2442 574 2506 est,
601 2451 642 2493 cx
664 2452 698 2495 eo
717 2438 794 2507 loco,
819 2438 872 2509 qui
890 2437 1010 2495 demum
1030 2444 1109 2507 erut,
1136 2439 1167 2495 io

193 2534 261 2576 eum
281 2518 464 2589 transfertur
477 2520 587 2589 iocum,
607 2520 660 2591 qui
673 2519 796 2577 deorum
807 2526 859 2577 est.
894 2519 949 2577 ilic
963 2520 1196 2592 respondeant

195 2599 298 2659 onmia
313 2600 435 2671 quidem
451 2601 576 2659 deorum
592 2616 676 2671 csse,
695 2602 751 2659 scd
767 2616 827 2659 non
843 2600 943 2659 omnia
958 2601 1005 2660 dis
1018 2601 1167 2660 dedicata.

195 2682 224 2740 in
252 2681 302 2758 his
322 2682 479 2741 observari
503 2682 714 2755 sacrilegium,
742 2698 821 2757 quae
844 2683 950 2755 religio
976 2683 1089 2741 numini
1114 2683 1167 2741 ad-

196 2763 330 2839 scripsit.
359 2764 403 2824 sic
419 2772 449 2825 et
465 2773 558 2826 totum
579 2766 723 2824 mundum
738 2766 865 2824 deorum
880 2781 951 2825 csse
966 2765 1168 2825 inmortutium

195 2848 356 2921 tempium,
380 2850 477 2907 solum
497 2850 619 2923 quidem
635 2849 831 2922 amplitudine
846 2849 965 2908 iliorum
981 2866 1017 2908 ae
1032 2849 1168 2923 magnifi-

195 2930 295 2989 centia
311 2930 449 3003 dignum,
473 2938 502 2990 et
515 2939 613 2991 tamen
629 2948 646 2990 a
661 2934 757 2990 sacris
774 2935 901 3007 protana
916 2934 1047 2992 discerni
1063 2942 1093 2994 et
1107 2950 1168 2993 non

195 3011 410 3072 omniaiioere
430 3014 459 3072 in
480 3017 607 3087 anguto,
634 3016 681 3073 cui
702 3016 764 3074 iani
790 3031 899 3074 nomen
924 3016 1089 3091 inpositurn
1112 3026 1167 3087 est,
1207 3026 1210 3030 ’

196 3111 278 3169 quae
303 3096 361 3154 snb
382 3097 469 3156 coeto
490 3106 519 3156 et
539 3106 707 3170 conspectu
732 3097 867 3157 siderum
893 3100 991 3157 licent.
1027 3100 1169 3158 iniuriam

197 3174 367 3251 saeriiegus
388 3180 447 3239 deo
470 3180 591 3254 quidem
615 3184 674 3239 no'n
697 3188 799 3256 potest
823 3182 938 3251 iacere,
967 3196 1056 3253 quem
1082 3189 1170 3239 extra

196 3262 288 3319 ictum
310 3277 367 3320 sua
386 3262 528 3322 divinitas
551 3264 666 3336 posuit,
690 3264 746 3322 sed
769 3262 1000 3337 punitur‚.quia
1016 3270 1170 3333 tamquam

197 3344 257 3403 deo
278 3344 369 3403 iecit=
398 3346 504 3419 opinio
523 3344 603 3403 iilum
626 3353 731 3404 nostra
756 3362 793 3404 oc
818 3361 875 3403 sun
902 3345 1014 3419 obligat
1041 3360 1169 3419 poenae.

196 3425 359 3499 Quomodo
380 3443 453 3501 ergo
469 3429 637 3502 sacrilegus
654 3427 787 3500 videtur,
809 3429 860 3502 qui
875 3429 990 3502 atiqnid
1006 3430 1103 3487 auiert
1121 3436 1202 3490 scr-t

196 3510 256 3581 cri,
276 3508 394 3568 etiamsi
411 3512 782 3584 quocumquetranstuiit,
806 3513 890 3586 quod
905 3511 1106 3585 subripuerat,
1125 3510 1169 3569 in-

195 3598 241 3651 tra
257 3592 403 3651 terminos
417 3600 464 3651 est
476 3594 594 3652 mundi:
617 3595 661 3653 sio
674 3602 703 3653 et
715 3593 845 3668 sapienti
857 3596 967 3654 turtum
982 3601 1082 3667 potest
1093 3593 1169 3654 fieri.

197 3675 352 3734 auferetur
368 3676 446 3734 enim
465 3676 505 3734 iiii
522 3693 581 3734 non
597 3693 634 3735 ex
651 3677 712 3749 tris,
737 3693 816 3751 quoe
831 3676 974 3736 universa
988 3678 1093 3749 habet,
1114 3678 1170 3735 sed

197 3771 236 3816 ex
257 3756 322 3832 his,
351 3757 464 3833 quibus
484 3758 627 3819 dominus
649 3760 814 3835 inscriptus
835 3766 897 3837 est,
921 3776 1000 3835 quae
1019 3761 1133 3821 uiritim
1142 3760 1176 3817 ei
