2942 4384
389 440 441 503 DE
456 438 669 500 BENEFICiIS
688 438 840 501 LlB.Vll.
862 446 990 502 14—16.
1120 436 1181 502 145

206 607 265 651 nae
280 591 350 662 iuit,
374 596 404 650 et
428 606 551 665 semper
565 597 672 651 contra
687 593 839 651 fortunam
854 593 966 651 luctata
982 592 1076 651 virtus
1091 593 1181 652 etiam

205 676 283 736 citra
302 674 445 734 effectum
467 675 619 749 propositi
640 675 744 749 operis
769 675 884 735 enituit.
920 674 992 735 Plus
1021 677 1180 749 praestitit,

203 760 256 835 qui
272 757 424 833 fugientes
437 758 618 818 occasiones
633 767 757 818 secutus
774 767 821 818 est
835 766 865 818 et
879 758 938 817 alia
952 766 1044 833 atque
1058 759 1117 817 alia
1132 776 1182 818 ca·

203 840 316 918 piavit,
342 856 398 915 per
423 856 503 916 quae
525 843 640 901 relerre
668 843 798 915 gratiam
823 850 944 916 posset,
972 858 1061 916 quam
1090 858 1182 916 quem

203 928 271 987 sine
285 926 349 985 ullo
367 924 482 984 sudore
497 931 613 999 gratum
630 926 727 999 prima
743 927 815 986 lecit
829 925 962 986 occasio.
991 926 1116 1000 ‚,Duas,
1137 925 1180 985 in·
1196 931 1213 985 3

203 1010 283 1084 quit,
308 1024 360 1068 res
384 1008 435 1068 ille
455 1009 508 1067 tibi
531 1009 693 1081 praestitit,
716 1012 899 1069 voluntatem
914 1016 945 1068 et
958 1026 1037 1070 rems
1060 1016 1092 1069 tu
1107 1025 1183 1084 quo·

203 1108 265 1167 que
288 1091 332 1150 iili
354 1091 432 1151 duas
455 1090 580 1153 debes.“
610 1091 717 1151 Merito
742 1093 823 1152 istud
849 1094 968 1151 diceres
989 1091 1031 1165 ei,
1056 1091 1109 1167 qui
1130 1093 1183 1153 tibi

200 1175 337 1235 reddidit
358 1176 543 1235 voluntatem
566 1176 710 1234 otiosam:
737 1175 808 1234 huic
830 1176 1059 1249 veroidebes1,
1081 1177 1184 1251 quiet

200 1260 268 1318 vult
281 1265 313 1318 et
327 1266 454 1318 conatur
466 1266 496 1317 et
510 1257 581 1316 nibil
596 1259 803 1332 intemptatum
820 1260 969 1333 relinquit,
985 1265 1036 1332 [et]
1052 1276 1111 1318 non
1128 1275 1183 1334 po-

199 1351 248 1402 tes
268 1342 383 1401 dicere.
410 1350 570 1415 utrumque
592 1342 671 1400 enim
693 1350 843 1415 praestat,
864 1349 1010 1416 quantum
1031 1342 1060 1400 in
1078 1358 1112 1401 se
1128 1351 1183 1403 est.

199 1425 321 1485 Deinde
335 1440 396 1485 non
413 1440 535 1498 semper
550 1440 675 1484 nurnero
691 1442 835 1485 numerus
851 1426 1031 1500 aequandus
1048 1432 1104 1485 est.
1130 1426 1214 1485 ali-l

201 1509 328 1583 quando
349 1524 411 1568 una
431 1525 482 1567 res
504 1523 560 1582 pro
580 1509 700 1568 duabus
721 1512 814 1568 valet:
837 1508 940 1584 itaque
965 1508 994 1568 in
1016 1510 1117 1568 locum
1138 1508 1183 1569 rei

201 1591 344 1652 succedit
374 1600 434 1651 tam
466 1607 622 1666 propensa
652 1593 793 1652 voluntas
823 1600 853 1651 et
882 1592 995 1667 cupida
1021 1593 1181 1652 reddendi.

201 1675 321 1748 Quodsi
338 1676 457 1735 animus
472 1676 585 1735 sinere
601 1675 639 1734 ad
654 1677 846 1736 reserendam
867 1678 992 1750 gratiam
1015 1693 1074 1736 non
1090 1677 1180 1749 vaiet,

200 1774 292 1819 nemo
315 1758 464 1819 adversus
486 1759 562 1818 deos
584 1766 689 1833 gratus
710 1768 771 1833 est,
799 1760 829 1818 in
851 1777 930 1835 quos
952 1760 1094 1820 voluntas
1116 1762 1182 1820 sola

200 1842 366 1902 confertur.
388 1888 405 1916 ,‚
415 1842 483 1915 Dis,
499 1843 610 1917 inquit,
627 1843 698 1900 nihii
714 1842 795 1902 aliud
812 1852 968 1916 praestare
983 1846 1214 1917 possumus.“5

201 1925 265 1985 Sed
291 1924 319 1984 si
345 1926 414 1985 huic
438 1941 579 2000 quoque,
605 1926 653 1986 cui
677 1927 792 1984 reierre
820 1928 946 1999 gratiam
971 1927 1085 1999 debeo,
1108 1927 1181 1985 nihil

200 2008 282 2069 aliud
306 2017 463 2083 praestare
483 2009 723 2085 possum‚,qutd
746 2016 806 2081 est,
828 2024 923 2083 quare
945 2025 1004 2068 non
1021 2025 1058 2069 eo
1074 2010 1181 2068 adver-

200 2109 256 2153 sus
270 2092 424 2152 hominem
439 2100 544 2166 gratus
560 2094 633 2166 sim,
656 2110 716 2167 quo
733 2092 805 2150 nibil
820 2094 949 2167 amplius
965 2092 994 2151 in
1015 2093 1092 2151 deos
1109 2109 1181 2152 con·

200 2178 293 2235 iero?

261 2259 342 2321 XVI.
372 2260 403 2320 Si
425 2266 524 2320 tamen
548 2261 622 2335 quid
642 2262 771 2321 sentiam
798 2262 920 2337 quaeris
942 2270 972 2321 et
992 2262 1037 2322 ris
1060 2260 1211 2336 signaret

198 2359 402 2418 responsum:
429 2344 478 2404 hic
499 2345 681 2404 beneficium
697 2346 856 2419 recepisse
878 2362 913 2405 se
933 2346 1061 2419 iudicet,
1082 2347 1182 2406 illese

199 2428 278 2487 sciat
297 2443 360 2487 non
380 2428 564 2487 reddidisse.
596 2430 653 2488 Hic
674 2429 757 2488 iilum
781 2430 922 2502 dimittat,
948 2429 998 2488 ille
1021 2445 1055 2488 se
1070 2437 1180 2490 teneat.

197 2510 247 2570 hic
266 2510 365 2570 dicat=
387 2510 503 2585 habeo,
519 2512 569 2570 ille
585 2513 787 2584 respondent:
808 2514 917 2572 debeo.
935 2514 973 2572 in
990 2514 1071 2574 omni
1087 2530 1179 2587 quae·
1196 2518 1213 2568 2

199 2595 299 2654 stione
311 2595 504 2670 propositum
519 2596 558 2655 sit
571 2597 659 2654 nobis
671 2596 785 2654 bonum
799 2597 961 2669 publicum.
983 2597 1180 2670 praecluden-

173 2678 255 2737 'dae
284 2686 358 2738 sunt
382 2680 597 2738 excusationes
623 2678 764 2752 ingratis,
790 2680 829 2737 ad
856 2696 933 2753 quas
957 2680 1098 2752 reingere
1119 2695 1181 2739 nou

148 2779 150 2788 ·
198 2761 321 2835 possint
335 2770 365 2821 et
384 2761 441 2821 sub
459 2763 569 2836 quibus
585 2762 790 2821 infitiationem
805 2779 891 2821 suam
908 2770 1020 2836 tegere.
1053 2762 1181 2834 „Omnia

198 2845 286 2904 leci.“
321 2845 383 2905 Fac
398 2846 577 2906 etiamnunc.
607 2846 707 2919 Quint
727 2854 759 2906 tu
775 2856 833 2906 tam
849 2848 1047 2921 inprudentes
1064 2846 1209 2908 iudicasse

198 2928 469 2990 maiores-nostros
486 2931 596 3002 luisse,
612 2939 645 2990 ut
659 2946 719 2989 non
734 2931 944 3005 intellegerent
955 2931 1180 3005 iniquissimum

198 3027 267 3072 csse
282 3013 394 3072 codem
412 3014 481 3073 loco
495 3013 600 3072 haberi
616 3029 701 3086 curn,
718 3016 770 3088 qui
784 3014 957 3088 pecuniam,
975 3032 1066 3089 quarn
1082 3032 1100 3073 a
1115 3031 1179 3075 cre·

148 3145 153 3164 .,
198 3095 297 3157 ditore
312 3105 483 3171 acceperat,
499 3097 623 3156 libidine
641 3105 694 3157 aut
708 3099 776 3157 alea
790 3099 970 3171 absumpsit,
989 3106 1110 3167 etcum,
1127 3097 1180 3171 qui

198 3179 339 3241 incendio
358 3188 412 3240 'aut
432 3181 590 3242 latrocinio
618 3189 668 3240 aut
695 3182 797 3256 aliquo
825 3196 900 3240 casu
924 3181 1056 3240 tristiore
1081 3181 1181 3239 aliena

199 3277 263 3322 curn
281 3264 348 3324 suis
369 3264 521 3338 perdidit?
541 3265 653 3325 nullam
674 3262 905 3323 excusationem
926 3270 1123 3338 receperunt,
1147 3270 1181 3323 ut

199 3344 335 3406 homines
357 3349 471 3408 scirent
492 3349 582 3408 irdom
604 3350 709 3421 utique
730 3347 954 3421 praestandam.
989 3348 1084 3407 satius
1100 3347 1180 3405 enim

198 3438 258 3490 erat
273 3447 293 3490 a
308 3432 415 3506 paucis
433 3433 521 3491 etiam
535 3433 643 3493 iustam
656 3438 885 3491 exeusationem
901 3447 961 3490 nou
975 3432 1071 3505 accipi
1090 3446 1179 3504 quam

199 3513 232 3573 ob
248 3515 393 3575 omnibus
410 3516 542 3590 aliquam
557 3516 706 3589 temptari.
731 3516 838 3575 Omnia
854 3515 951 3574 iecisti
969 3523 1001 3573 ot
1014 3514 1206 3576 reddereszl

198 3594 252 3657 hoc
266 3597 311 3658 illi
322 3598 401 3658 satis
417 3600 470 3672 sit,
487 3600 539 3659 tibi
562 3616 677 3674 parum.
701 3615 772 3658 nam
793 3599 1049 3673 quemadmodum
1065 3596 1129 3671 ille,
1151 3595 1178 3658 si

199 3681 316 3741 enixam
333 3688 363 3741 et
373 3682 510 3742 sedulam
527 3699 652 3758 operam
667 3682 798 3743 transire
812 3699 868 3757 pro
883 3680 973 3741 inrita
987 3681 1112 3755 patitur,
1128 3680 1177 3741 oui
1284 3744 1286 3748 ,

198 3766 293 3837 gratia
311 3765 461 3825 referatur
481 3768 623 3843 indignus
645 3773 705 3843 ost,
730 3768 771 3828 ita
792 3774 825 3830 tu
844 3768 984 3845 ingratus
997 3782 1053 3842 es,
1067 3764 1189 3836 nisiex,

236 3868 337 3907 sanans
350 3868 418 3905 nnn.
433 3855 465 3911 H.
991 3861 1032 3920 to
