2942 4384
380 451 543 513 nauca.
567 451 729 526 Quaeso.
751 453 822 512 ue.
838 454 890 512 1v.
914 464 939 515 1.
950 464 976 515 a.
1115 455 1176 519 nte

199 603 314 664 habeat
328 600 431 663 Sicilia
445 602 473 660 in
491 617 526 661 se
542 603 685 676 circaque
700 617 735 662 se
750 602 912 676 mirabilia,
936 621 1043 665 omnes
1058 608 1176 668 interim

200 686 378 761 provinciae
402 692 472 743 tuae
498 686 694 759 quaestiones
721 687 892 759 praeteribo
918 695 948 748 et
968 689 996 747 in
1020 690 1175 752 diversum

200 770 403 844 cogitationes
433 775 499 827 tuas
524 768 706 826 abstraham.
743 785 921 842 quaeram
947 772 1026 830 enirn
1051 780 1175 832 tecum

200 853 253 923 id,
277 852 381 926 quod
401 852 607 925 superiore
630 850 733 910 libro
755 852 907 914 distuli:
936 855 1026 928 quid
1045 856 1174 915 ilaNi-

201 936 260 994 lus
287 934 450 994 aestivis
474 933 678 992 mensibus
705 934 898 994 abundat?
930 938 978 996 cui
1003 937 1176 998 Danubium

201 1018 308 1077 similis
333 1023 458 1076 naturae
489 1014 663 1090 philosophi
687 1018 890 1091 tradiderunt,
921 1021 1003 1093 quod
1030 1028 1058 1081 et
1084 1023 1175 1081 lontis

190 1100 299 1175 ignoti
313 1107 343 1159 ct
356 1106 473 1159 aestate
489 1115 580 1174 quam
591 1099 690 1158 hieme
704 1102 801 1158 maior
816 1100 870 1161 sit:
900 1110 1061 1179 utrumque
1079 1106 1173 1179 adpa-
1189 1109 1205 1159 2

200 1184 261 1245 ruit
272 1184 393 1243 laisum.
414 1198 484 1241 nam
496 1190 525 1243 et
539 1190 629 1257 caput
644 1182 710 1242 eius
725 1183 755 1241 in
771 1184 932 1245 Germania
946 1202 1018 1245 esse
1035 1190 1174 1262 conperi-

200 1282 269 1326 mus
292 1273 322 1326 et
343 1272 458 1325 aestate
478 1266 601 1339 quidem
622 1264 728 1339 incipit
749 1282 904 1339 crescere,
927 1271 983 1327 sed
998 1270 1098 1330 adhuc
1113 1288 1175 1329 ma-

201 1357 292 1408 nenle
315 1350 391 1407 intra
411 1364 584 1407 mensuram
606 1364 691 1407 suam
705 1349 773 1408 Nilo
794 1351 899 1422 primis
920 1352 1174 1426 caloribuS‚c11ur

202 1434 247 1493 sol
270 1432 478 1491 vehementior
498 1432 573 1490 intra
595 1440 729 1490 extrema
752 1433 832 1491 veris
848 1432 933 1491 nives
951 1436 1077 1506 emollit,
1097 1453 1175 1509 equas

201 1523 272 1575 ante
287 1514 453 1587 consumit,
468 1531 558 1589 quarn
570 1515 655 1573 Nilus
668 1515 870 1574 intumescere
885 1517 1023 1591 incipiat:
1055 1518 1174 1592 reliquo

201 1615 276 1658 vero
300 1597 424 1657 aestatis
447 1598 587 1657 minuitur
607 1605 637 1657 et
651 1599 691 1657 ad
705 1598 860 1658 hibernam
875 1600 1112 1674 magnitudinem
1126 1618 1174 1660 re-

200 1681 244 1743 dit
258 1689 352 1756 atque
366 1696 405 1739 ex
420 1697 458 1740 ea
475 1680 639 1740 dimittitur.

261 1765 298 1823 ll.
320 1767 361 1823 At
373 1764 459 1823 Nilus
482 1771 552 1839 ante
573 1771 656 1824 ortus
673 1765 835 1824 Caniculae
857 1774 984 1840 augetur
999 1766 1109 1827 mediis
1124 1783 1203 1833 cte-1

199 1847 301 1908 stibus
326 1848 404 1907 ultra
428 1848 662 1921 aequinoctium.
696 1847 777 1906 hunc
800 1848 1021 1910 nobilissimum
1042 1850 1174 1909 amnium

198 1930 312 1991 natura¹
323 1932 427 1989 extulit
442 1938 511 1990 ante
525 1930 647 1989 humani
659 1932 779 2004 generis
792 1931 899 1991 oculos
914 1941 944 1991 et
958 1933 998 1992 ita
1013 1934 1174 2007 disposuit,

198 2023 293 2075 uteo
315 2021 451 2089 tempore
473 2014 634 2073 inundaret
653 2016 845 2089 Aegyptum,
873 2030 934 2088 quo
957 2016 1087 2073 maxime
1105 2023 1175 2074 usta
1249 2046 1262 2072 .

200 2096 373 2157 lervoribus
401 2105 482 2157 terra
505 2098 605 2155 undas
631 2098 719 2156 altius
747 2096 878 2157 traheret
901 2105 1015 2157 tantum
1040 2100 1175 2157 hausura

201 2188 349 2256 quantum
373 2179 499 2239 siccitati
524 2195 644 2239 annuae
670 2180 814 2238 sulficere
840 2180 948 2253 possit.
988 2197 1058 2240 nam
1083 2181 1112 2238 in
1137 2195 1175 2237 ea

201 2271 303 2338 parte,
324 2280 402 2338 quae
428 2263 457 2321 in
474 2262 664 2335 Aethiopiam
686 2263 797 2336 vergit,
819 2270 871 2321 aut
891 2263 961 2322 nulli
976 2264 1088 2323 imbres
1104 2271 1174 2322 sunt

152 2346 155 2351 ’
200 2354 253 2406 aut
277 2347 339 2405 rari
361 2346 464 2420 etqui
488 2347 636 2405 insuetam
662 2347 751 2419 aquis
777 2345 961 2405 coelestibus
981 2355 1091 2407 terram
1113 2362 1172 2405 non

201 2430 355 2489 adiuvent.
387 2430 499 2501 Unam,
521 2434 554 2487 ut
576 2429 652 2500 scic,
676 2431 838 2504 Aegyptus
860 2429 890 2487 iu
906 2429 966 2487 hoc
981 2445 1068 2504 spem
1084 2429 1206 2489 habeta

201 2528 306 2571 suam=
327 2513 456 2586 proinde
476 2520 528 2571 aut
548 2511 659 2571 sterilis
681 2528 780 2570 annus
801 2518 853 2570 aut
872 2512 978 2570 fertilis
998 2519 1060 2583 est,
1086 2521 1175 2586 prout

201 2596 253 2654 ille
268 2611 394 2669 magnus
409 2594 529 2654 influxit
545 2602 597 2653 aut
613 2596 741 2667 parcior.
763 2595 858 2653 Nemo
874 2602 1027 2653 aratorum
1043 2594 1175 2668 adspicit

201 2679 338 2738 coetum=
369 2694 463 2753 quare
478 2695 537 2736 non
555 2693 624 2737 curn
639 2684 729 2752 pocta
744 2692 812 2737 meo
828 2678 914 2736 iocor
924 2684 958 2736 et
973 2678 1014 2735 illi
1035 2676 1174 2735 Ovidium

201 2777 293 2822 suum
307 2763 454 2837 inpingo?
476 2762 527 2835 qui
543 2762 597 2820 ait:

425 2862 479 2904 nec
493 2846 595 2905 Plocio
608 2847 756 2919 supplicat
769 2845 862 2904 herba
875 2845 948 2905 Ioci.

199 2928 290 2988 Unde
302 2942 440 2987 crescere
452 2926 575 3000 incipiat
587 2928 613 2985 si
626 2927 832 3001 conprehendi
844 2935 960 3002 posset,
975 2943 1088 2987 causae
1099 2943 1173 3003 quo·
1189 2933 1206 2985 3

200 3025 261 3085 que
277 3011 452 3070 incrementi
469 3010 693 3069 invenirentur:
708 3027 789 3070 nunc
805 3027 878 3071 vcro
896 3028 1022 3085 magnas
1037 3011 1173 3071 solitudi-

200 3110 256 3151 nes
278 3100 463 3167 pervagatus
483 3100 513 3152 ct
526 3094 555 3151 in
572 3094 700 3166 paludes
713 3093 862 3165 diffusus,
886 3094 1026 3167 gentibus
1044 3110 1173 3165 sparsus

201 3176 284 3235 circa
298 3176 396 3235 Philas
417 3178 545 3250 primum
561 3191 598 3234 cx
614 3192 693 3247 vago
710 3184 740 3233 et
754 3183 874 3232 errante
889 3175 1047 3247 colligitur.
1070 3175 1174 3233 Philae

200 3259 300 3319 insula
316 3267 363 3318 est
376 3275 489 3334 aspera
503 3267 533 3319 et
547 3259 684 3332 undique
699 3264 874 3330 praerupta.
897 3256 1018 3314 duobus
1034 3256 1063 3313 in
1079 3273 1174 3315 unum

200 3343 379 3403 coeuntibus
402 3341 541 3401 amnibus
562 3341 703 3414 cingitur,
731 3340 783 3413 qui
804 3339 870 3396 Nilo
891 3344 1042 3398 mutantur
1056 3345 1088 3396 et
1106 3338 1174 3397 eius

200 3441 311 3485 nomeu
325 3426 433 3485 lerunt.
456 3425 527 3485 urbs
541 3431 633 3485 totam
646 3422 855 3497 conplectitur.
876 3422 924 3481 Ab
940 3421 997 3481 hac
1010 3420 1095 3479 Nilus
1110 3437 1171 3479 ma·
1186 3430 1204 3482 4

199 3524 278 3582 gnus
293 3510 390 3583 magis
407 3523 497 3582 quam
519 3508 684 3579 violentus,
714 3521 860 3580 egressus
875 3504 1081 3578 Aethiopiam,
1108 3520 1174 3562 arew

198 3597 359 3666 nas[que],
385 3608 440 3665 per
466 3606 545 3665 quas
566 3591 604 3649 ad
621 3590 801 3649 commercia
816 3589 910 3648 Indici
932 3589 1025 3645 maris
1043 3586 1099 3646 iter
1117 3594 1174 3657 est,

199 3674 395 3748 praelabitur.
424 3672 580 3748 excipiunt
601 3678 699 3733 autem
722 3673 911 3744 Cataractae,
932 3670 1042 3811 nlossbilis
1062 3668 1176 3748 insigni
