2942 4384
321 453 382 519 168
610 454 644 514 L.
666 453 811 513 ANNAEl
834 450 1008 513 SENECAE
1077 511 1089 522 ,

322 608 430 673 eodem
458 607 621 685 conchylio
649 623 710 665 non
740 607 768 666 in
794 583 896 667 unum
913 606 1037 667 modum
1063 607 1135 669 exit.
1172 610 1299 672 interest

322 691 467 767 quamdiu
483 697 635 750 macerata
651 692 702 764 sit,
726 692 861 750 crassius
876 691 1129 751 medicamentum
1145 708 1184 752 an
1203 711 1297 769 aqua·

280 782 313 837 13
320 775 379 835 tius
394 776 533 847 traxerit,
550 775 674 847 saepius
687 789 789 833 mersa
802 774 841 832 sit
853 782 881 833 et
892 782 1020 833 excocta
1031 790 1068 832 an
1081 778 1177 836 semel
1188 777 1296 837 tincta=

322 875 383 919 non
401 863 448 917 est
463 873 536 931 ergo
552 859 675 929 mirum,
693 858 734 928 si,
752 872 819 916 cum
832 858 911 917 duae
924 872 976 915 res
992 857 1066 930 sint,
1082 860 1129 917 sol
1142 860 1297 935 etnubes,

321 942 419 1001 idest
439 956 551 1014 corpus
575 946 604 1000 ει
624 941 802 1014 speculum,
831 948 891 999 tam
912 942 1004 999 multa
1023 955 1137 1014 genera
1158 945 1297 1020 colorum

318 1025 547 1098 exprimuntur,
577 1026 667 1100 quam
686 1023 788 1082 multis
809 1024 971 1097 generibus
993 1031 1124 1097 possunt
1145 1026 1205 1087 ista
1225 1027 1296 1085 inci-

321 1108 379 1167 tari
404 1113 455 1165 aut
479 1107 723 1189 relanguescere.
759 1106 836 1165 alius
864 1114 911 1165 est
936 1106 1015 1164 enim
1037 1106 1123 1166 color
1143 1124 1184 1167 ex
1205 1108 1296 1182 igneo

281 1191 448 1262 ltlumine,
472 1191 548 1249 alius
570 1207 609 1249 ex
625 1192 756 1249 obtunso
774 1199 803 1249 et
820 1191 943 1249 leniore.
978 1190 1010 1247 ln
1028 1190 1097 1249 aliis·
1109 1192 1203 1250 rebus
1220 1208 1297 1265 vaga

322 1274 477 1351 inquisitio
490 1279 551 1347 est,
561 1267 564 1272 ’
574 1274 626 1334 ubi
637 1290 698 1333 non
713 1274 875 1347 habemus,
898 1273 982 1346 quod
998 1279 1208 1334 manutenere
1225 1291 1295 1350 pos·

323 1374 429 1418 sumus
450 1364 481 1416 et
497 1358 556 1416 late
577 1358 749 1416 coniectura
766 1356 910 1415 mittenda
927 1363 988 1414 est:
1011 1356 1059 1415 liic
1074 1358 1204 1431 adparet
1220 1359 1297 1418 duas

323 1456 435 1501 causas
456 1449 654 1514 esseorum,
679 1440 776 1499 solem
796 1440 982 1514 nubemque,
1012 1440 1083 1513 quia
1103 1456 1162 1499 nec
1183 1457 1296 1501 sereno

322 1540 467 1599 umquam
486 1524 520 1582 fit
534 1539 591 1582 nec
606 1523 708 1582 nubilo
725 1524 780 1595 ita,
803 1530 836 1582 ut
854 1523 901 1583 sol
919 1525 1019 1582 lateat.
1046 1538 1119 1598 ergo
1135 1524 1243 1599 utique
1258 1540 1297 1584 ex

322 1608 369 1667 his
384 1613 445 1680 est,
469 1622 598 1681 quorum
613 1608 679 1665 sine
693 1607 787 1665 altero
803 1623 863 1665 non
881 1614 937 1667 εει.

295 1745 310 1795 1
384 1732 436 1791 IV.
457 1731 636 1791 Etiamnunc
650 1731 721 1792 illud
738 1732 868 1805 accedit,
893 1732 975 1807 quod
990 1748 1089 1807 aeque
1103 1732 1297 1794 manifestum

323 1819 385 1887 est,
406 1814 524 1889 speculi
538 1815 653 1874 ratione
670 1816 831 1889 imaginem
846 1817 946 1888 reddi,
970 1816 1041 1891 quia
1056 1832 1224 1890 numquam
1239 1816 1298 1876 nisi

324 1899 514 1958 econtrario
534 1898 686 1973 redditur,
708 1900 818 1970 idest,
843 1898 901 1957 nisi
922 1916 959 1958 ex
982 1901 1076 1959 altera
1097 1907 1186 1974 parte
1207 1899 1297 1971 stetit,

325 1982 408 2055 quod
423 1982 564 2055 adparet,
587 1997 625 2040 ex
640 1984 748 2055 altera,
765 1980 848 2056 quod
863 1983 1004 2042 ostendit.
1037 1984 1201 2053 Rationes,
1219 1998 1297 2057 quae

323 2082 384 2125 non
402 2066 588 2139 persuadent
602 2066 658 2123 sed
674 2073 800 2139 cogunt,
823 2082 842 2124 a
856 2067 1019 2140 geometris
1035 2066 1223 2139 adferuntur,
1241 2081 1296 2124 nec

324 2148 448 2208 dubium
469 2149 610 2222 cuiquam
633 2148 827 2223 relinquitur,
849 2150 920 2224 quin
941 2165 1030 2208 arcus
1050 2148 1151 2223 imago
1167 2150 1244 2209 solis
1260 2148 1298 2208 sit

324 2234 401 2290 male
419 2232 558 2305 expressi
575 2231 614 2291 ob
630 2232 731 2289 vitium
747 2232 936 2307 figuramque
952 2232 1084 2307 speculi:
1105 2249 1165 2293 nos
1179 2232 1296 2294 interim

325 2322 505 2387 temptemus
527 2315 601 2372 alias
624 2314 839 2389 probationes,
868 2332 948 2390 quae
970 2316 1008 2375 de
1029 2316 1118 2389 plano
1143 2315 1207 2389 legi
1225 2332 1296 2389 pos·

294 2403 403 2457 nsunt.
437 2398 517 2456 Inter
538 2405 712 2470 argumenta
729 2399 775 2458 sic
798 2401 950 2459 nascentis
974 2415 1064 2457 arcus
1087 2415 1186 2473 pono,
1213 2398 1296 2473 quod

302 2511 305 2515 Δ
325 2480 480 2539 celerrime
501 2482 645 2540 nascitur.
672 2482 780 2555 ingens
801 2483 880 2540 enim
899 2484 1075 2556 variumque
1091 2498 1207 2557 corpus
1222 2482 1299 2540 intra

324 2571 506 2623 momentum
528 2563 697 2624 subtexitur
718 2566 805 2624 coelo
827 2573 857 2624 et
878 2582 976 2641 aeque
995 2566 1132 2625 celeriter
1148 2566 1296 2624 aboletur.

281 2699 284 2714 ,
325 2646 398 2708 nihil
412 2655 513 2707 autem
527 2655 586 2707 tam
604 2650 662 2708 cito
678 2649 813 2707 redditur
825 2666 916 2723 quam
930 2666 949 2708 a
964 2651 1090 2723 speculo
1101 2649 1213 2722 imago.
1236 2663 1297 2707 non

295 2731 403 2793 aerim
425 2731 496 2791 lacit
511 2732 689 2806 quicquam,
712 2732 769 2791 sed
785 2732 926 2791 ostendit.
962 2731 1108 2791 Parianus
1123 2732 1295 2792 Artemido-

323 2830 385 2879 rus
399 2815 490 2872 adicit
510 2815 614 2885 etiam,
638 2817 727 2889 quale
750 2831 847 2888 genus
867 2814 958 2875 nubis
980 2831 1050 2874 esse
1065 2816 1189 2887 debeat,
1215 2815 1296 2889 quod

306 2898 413 2954 talem
434 2896 509 2955 solis
530 2896 690 2971 imaginem
706 2898 817 2957 reddit.
852 2898 905 2971 „Si
922 2901 1094 2972 speculum,
1116 2897 1231 2973 iuquit,
1255 2900 1269 2957 i
1285 2929 1296 2940 ·

324 2978 403 3037 ceris
420 2994 604 3052 concavum,
628 2980 709 3054 quod
726 2982 766 3040 sit
782 2989 885 3041 sectae
900 2982 980 3056 pilae
992 2998 1079 3056 pars,
1102 2982 1128 3041 sl
1140 2989 1226 3040 extra
1237 2996 1296 3040 me·

325 3062 406 3120 dium
428 3062 615 3134 constiteris,
646 3064 830 3139 quicumque
851 3064 936 3125 iuxta
954 3073 984 3125 te
1006 3066 1155 3138 steterint,
1183 3063 1298 3124 inversi

294 3150 312 3203 4
325 3145 377 3205 tibi
390 3145 571 3207 videbuntur
582 3154 612 3207 et
623 3146 786 3221 propiores
798 3165 816 3207 a
827 3157 855 3207 te
868 3165 958 3223 quam
970 3166 988 3208 a
1001 3150 1159 3222 speculo.“
1184 3149 1296 3221 „ldem,

324 3230 435 3305 inquit,
458 3230 572 3303 evenit,
595 3246 663 3291 cum
682 3232 842 3291 rotundam
858 3238 888 3290 et
902 3248 1008 3291 cavam
1023 3232 1133 3291 nubem
1148 3230 1298 3294 intuemur

324 3330 343 3374 a
357 3314 466 3387 latere,
488 3322 520 3374 ut
534 3314 609 3373 solis
624 3315 724 3388 imago
741 3332 759 3373 a
773 3316 853 3373 nube
864 3315 1032 3374 descendat
1044 3314 1234 3390 propiorque
1245 3330 1296 3374 no·

323 3395 372 3455 bis
392 3398 432 3456 sit
446 3406 475 3457 et
489 3398 519 3455 iu
535 3413 592 3456 nos
608 3398 705 3471 magis
721 3413 880 3457 conversa.
917 3398 1007 3459 Color
1022 3399 1063 3457 illi
1079 3399 1185 3473 igneus
1201 3398 1298 3458 asole

325 3485 387 3552 est,
409 3482 568 3540 caeruleus
583 3497 602 3539 a
617 3482 712 3553 nube,
736 3482 828 3541 ceteri
843 3481 1000 3557 utriusque
1014 3482 1195 3542 mixturae.“

296 3613 311 3663 1
386 3603 424 3666 V.
448 3604 559 3663 Contra
573 3603 650 3663 haec
664 3603 716 3663 illa
730 3606 880 3665 dicuntur.
915 3606 979 3679 „De
994 3606 1129 3681 speculis
1141 3605 1222 3665 duae
1235 3605 1297 3680 opi-

327 3686 435 3747 niones
456 3694 541 3747 sunt=
569 3687 619 3747 alii
634 3686 714 3748 euim
731 3689 836 3749 inillis
853 3688 1014 3749 simulacra
1029 3688 1111 3750 cerni
1125 3696 1247 3765 putant,
1269 3686 1298 3745 id
