2942 4384
324 452 384 515 148
596 452 630 511 L.
651 452 797 511 ANNAEl
817 446 991 512 SENECAE

326 604 457 679 quadam
479 603 634 664 saeviendi
656 603 741 677 furit,
769 602 795 663 si
816 602 846 661 in
867 618 920 663 ore
940 611 1098 677 parentum
1118 603 1236 667 liberos
1251 607 1292 667 iu·

324 691 421 763 galat,
437 688 462 746 si
478 704 539 747 non
554 693 713 747 contentus
730 686 858 761 simplici
873 695 969 745 morte
984 687 1158 762 distorquet
1169 706 1228 749 nee
1239 692 1294 751 urit

324 774 421 830 solum
444 771 608 844 perituros,
631 770 688 828 sed
709 769 867 843 excoquit,
895 770 921 827 si
941 771 1084 843 carnifex
1099 772 1167 831 eius
1184 788 1293 832 cruore

323 862 353 913 ει
367 870 490 927 semper
503 853 615 911 recenti
630 854 745 911 medela
767 868 873 925 parum
887 859 935 912 est
947 852 1018 912 huic
1031 853 1215 914 beneficium
1233 872 1292 917 uon

322 938 460 995 reddere.
484 935 628 1008 quicquid
644 942 782 1009 eratque
797 934 868 993 milri
883 935 1070 1009 cohaereret,
1093 937 1239 997 intercisa
1250 940 1291 999 iu·

294 1020 364 1084 oris
381 1018 501 1077 humani
517 1018 648 1077 societas
664 1018 802 1077 abscidit.
838 1017 869 1077 Si
886 1019 1088 1092 praestitisset
1102 1020 1228 1093 quidem
1243 1022 1292 1081 ali-

324 1102 395 1176 quid
410 1101 495 1174 mim,
521 1101 577 1159 sed
588 1117 671 1160 arma
682 1102 797 1175 patriae
809 1117 899 1159 meae
910 1102 1048 1160 inferrem
1070 1102 1218 1176 quicquid
1232 1120 1291 1163 me-

322 1191 424 1243 ruerat
441 1183 624 1257 perdidisset
635 1192 665 1243 et
678 1184 792 1242 reterre
807 1182 848 1242 illi
860 1182 986 1257 gratiam
1001 1185 1104 1244 scelus
1119 1185 1290 1247 haberetur.

324 1267 350 1326 si
373 1284 433 1326 non
455 1267 582 1341 patriam
605 1282 701 1325 meam
721 1267 885 1340 inpugnat,
908 1267 964 1325 sed
985 1282 1060 1332 suae
1081 1269 1185 1341 gravis
1202 1276 1292 1329 estet

323 1351 479 1423 sepositus
495 1366 513 1408 a
528 1365 595 1409 mea
609 1357 697 1423 gente
713 1364 798 1407 suam
814 1348 960 1421 exagitat,
977 1348 1127 1410 abscindit
1142 1350 1291 1428 nibilomi-

323 1450 381 1493 nus
392 1434 472 1492 illum
483 1440 564 1499 tanta
575 1433 707 1505 pravitas
718 1432 807 1490 animi
816 1437 864 1503 [et]
873 1432 1058 1491 etiamsinon
1068 1432 1233 1507 inimicum,
1248 1434 1291 1493 in-

323 1516 423 1575 visum
438 1514 509 1574 mibi
524 1514 617 1573 elficit
632 1515 775 1589 priorque
786 1514 858 1572 mihi
870 1530 906 1573 ae
918 1514 1016 1588 potior
1027 1515 1093 1574 eius
1106 1515 1201 1575 ollicii
1216 1517 1290 1576 ratio

323 1606 383 1668 est,
413 1599 497 1672 quod
517 1597 648 1656 humano
664 1597 767 1669 generi
783 1613 874 1671 quam
890 1598 972 1671 quod
987 1598 1037 1656 uni
1053 1597 1167 1657 honrini
1182 1599 1292 1659 debeo.

296 1696 312 1747 1
386 1681 448 1741 XX.
478 1678 539 1738 Sed
557 1680 694 1753 quamvis
709 1680 768 1737 hoc
782 1681 823 1738 ita
839 1680 878 1738 sit
892 1688 921 1740 et
935 1696 974 1738 ex
989 1696 1026 1739 eo
1039 1687 1177 1754 tempore
1192 1684 1293 1741 onmia

323 1762 394 1821 mihi
410 1764 439 1819 in
455 1762 536 1820 illum
552 1761 610 1821 sint
623 1762 731 1835 libere,
755 1778 794 1821 ex
810 1778 871 1836 quo
889 1764 1112 1837 corrumpendo
1130 1765 1175 1822 las
1192 1781 1291 1837 ornae,

322 1854 356 1905 ut
371 1844 442 1903 nihil
458 1846 487 1904 in
503 1860 571 1903 eum
586 1846 672 1904 netas
687 1852 783 1919 esset,
807 1845 955 1905 effecerit:
979 1847 1059 1905 illum
1076 1845 1148 1905 mihi
1164 1862 1291 1907 servan-

324 1929 396 1987 dum
416 1929 538 1988 modum
559 1929 695 2001 credam,
716 1935 763 2001 ut,
785 1926 812 1987 si
827 1928 1007 1987 beneficium
1021 1928 1061 1987 illi
1077 1944 1175 1987 meum
1191 1946 1294 2005 neque

322 2012 403 2070 vires
425 2012 556 2071 maiores
578 2012 715 2071 daturum
730 2019 778 2085 est
792 2012 821 2069 in
836 2012 957 2087 exitium
973 2027 1131 2070 commune
1146 2027 1203 2070 nec
1219 2029 1292 2073 con-

323 2095 509 2155 firmaturum
521 2110 597 2168 quas
613 2094 711 2169 habet,
731 2094 763 2153 id
777 2102 875 2153 autem
892 2094 956 2167 erit,
972 2096 1054 2167 quod
1068 2094 1109 2153 illi
1125 2095 1214 2154 reddi
1227 2096 1294 2156 sine

294 2190 311 2241 ι
325 2178 458 2251 pernicie
473 2178 593 2251 publica
610 2178 721 2250 possit,
742 2176 878 2235 reddam.
912 2176 1047 2237 Servabo
1063 2177 1156 2236 filiurn
1169 2178 1237 2237 eius
1249 2179 1293 2237 in·

323 2252 450 2321 iernemr
474 2260 545 2334 quid
562 2258 619 2318 hoc
634 2260 814 2319 beneficium
830 2259 918 2318 obest
929 2259 1068 2333 cuiquam
1080 2276 1195 2332 eorum,
1214 2278 1294 2336 quos
1323 2323 1326 2334 ,

324 2342 486 2400 crudelitas
508 2341 574 2399 eius
595 2342 728 2401 lacerati
757 2341 931 2415 pecuniam,
961 2359 1039 2417 quae
1060 2343 1221 2403 satellitem
1242 2345 1293 2405 sti·

322 2424 435 2497 pendio
451 2429 565 2494 teneat,
589 2440 649 2482 non
664 2424 908 2485 subministrabo.
945 2425 976 2485 Si
988 2442 1138 2486 marmora
1149 2433 1179 2486 et
1192 2438 1294 2488 vestes

323 2506 557 2576 desideraverit,
579 2506 652 2565 nibil
675 2507 771 2565 oberit
792 2508 933 2582 cuiquam
948 2509 993 2579 id,
1016 2524 1076 2584 quo
1092 2508 1214 2569 luxuria
1229 2510 1295 2570 eius

290 2594 308 2647 3
323 2588 494 2649 instruitur:
518 2590 683 2649 militemet
698 2605 783 2648 arma
793 2607 852 2649 non
865 2590 1036 2663 subgeranr.
1072 2589 1104 2651 Si
1116 2608 1171 2665 pro
1183 2609 1295 2667 magno

323 2680 406 2747 petet
425 2688 549 2731 munere
570 2673 702 2732 artifices
720 2689 833 2732 scenae
849 2681 878 2733 et
892 2681 993 2734 scorta
1007 2682 1037 2734 ει
1053 2688 1131 2748 quae
1148 2674 1296 2736 feritatem

323 2757 388 2815 elus
412 2757 580 2827 emolliant,
611 2756 707 2815 libens
729 2756 864 2815 oileram.
898 2756 946 2815 eui
966 2755 1102 2816 triremes
1125 2764 1155 2815 et
1175 2768 1296 2819 aeratas

321 2854 382 2895 non
398 2832 561 2909 mitterem,
581 2837 711 2896 lusorias
726 2847 756 2899 et
776 2839 964 2899 cubiculatas
984 2847 1014 2899 et
1028 2840 1086 2898 alia
1103 2839 1235 2900 ludibria
1249 2858 1294 2920 re7

322 2934 393 2990 gum
419 2921 449 2977 in
470 2919 543 2976 mari
563 2918 781 2979 lascivientium
797 2921 925 2980 mittam:
947 2922 1017 2981 etsi
1032 2937 1070 2980 ex
1085 2929 1148 2982 toto
1163 2923 1231 2982 eius
1247 2940 1296 2984 sa·

321 3002 399 3059 nitas
426 3002 589 3074 desperata
606 3003 708 3073 luerit,
732 3004 838 3062 eadem
854 3020 945 3062 manu
959 3003 1139 3064 beneficium
1154 3006 1296 3066 omnibus

322 3084 417 3158 dabo,
438 3083 479 3143 illi
493 3084 634 3143 reddam=
656 3086 799 3159 quoniam
816 3086 944 3160 ingeniis
959 3086 1068 3146 talibus
1084 3088 1184 3147 exitus
1199 3104 1295 3149 reme·

274 3195 277 3199 ·
322 3168 403 3227 dium
425 3175 473 3228 εει
493 3167 701 3243 optimumque
721 3177 768 3228 est
786 3169 869 3229 abire
890 3168 933 3241 ei,
958 3170 1009 3244 qui
1024 3170 1063 3228 ad
1078 3185 1113 3229 εε
1128 3187 1295 3247 numquam

226 3291 229 3298 -
288 3253 472 3312 41·editurus
488 3259 543 3313 est.
578 3250 640 3312 Sed
655 3252 730 3312 baec
745 3269 813 3311 rara
828 3251 964 3327 nequitia
980 3260 1072 3312 estet
1087 3269 1211 3327 semper
1225 3271 1295 3330 por·

321 3336 393 3395 tenti
414 3337 482 3394 loeo
503 3334 621 3408 habita,
643 3336 721 3395 sicut
741 3335 841 3395 hiatus
856 3342 955 3394 terrae
969 3342 999 3394 et
1013 3352 1030 3393 e
1045 3334 1184 3396 cavernis
1200 3337 1293 3398 maris

320 3418 433 3491 ignium
456 3418 585 3492 eruptio.
616 3419 719 3493 itaque
740 3419 778 3477 ab
796 3419 845 3477 illa
860 3419 1055 3479 recedamus:
1077 3418 1116 3478 de
1133 3420 1171 3479 iis
1186 3419 1292 3495 loqua-

288 3510 387 3562 5mur
406 3500 501 3573 vitiis,
524 3516 603 3575 quae
624 3501 810 3561 detestamur
829 3502 896 3562 sine
914 3501 1051 3562 horrore.
1084 3501 1163 3562 Huic
1177 3502 1293 3565 homini

320 3583 415 3656 mallo,
438 3599 527 3659 quem
543 3583 680 3643 invenire
694 3585 724 3643 in
740 3584 876 3659 quolibet
887 3585 953 3645 loro
966 3601 1108 3659 possum,
1129 3602 1222 3661 quem
1236 3588 1296 3648 sin·

321 3666 382 3736 guli
398 3667 514 3739 timent,
535 3667 661 3726 reddam
675 3666 870 3740 beneficium,
891 3668 974 3743 quod
988 3669 1104 3742 accepi.
1126 3684 1189 3728 non
1202 3685 1294 3745 opor-

320 3752 363 3809 tet
382 3749 453 3809 milri
474 3750 638 3825 nequitiam
658 3750 723 3812 cius
744 3752 904 3827 prodesse.
934 3752 1018 3827 quod
1038 3766 1140 3812 meam
1156 3768 1219 3813 non
1237 3764 1292 3827 est,
