2942 4384
267 439 309 502 88
562 438 595 498 L.
617 438 763 499 ΑΝΝΑΕΙ
786 438 960 501 SENECAE

266 606 410 666 umquam
430 589 601 663 vincantur,
625 589 768 663 quoniam
791 590 913 664 quidem
933 591 1023 651 etiarn
1044 588 1124 652 inter
1142 609 1239 669 supe·

265 675 363 734 rantia
384 675 501 736 animus
522 673 651 733 invictus
672 681 728 733 est.
757 672 827 734 ideo
848 690 937 734 nemo
959 682 1114 736 trecentos
1127 677 1239 739 Fabios

265 758 365 818 victos
385 758 471 829 dicit,
495 757 551 816 sed
574 757 706 816 occisos.
743 764 773 815 et
786 758 923 831 Regulus
944 767 1053 833 captus
1069 766 1117 819 est
1132 776 1152 819 a
1166 760 1239 821 Poe·

267 841 329 913 nis,
352 856 414 901 non
429 841 544 912 victus,
565 846 595 898 et
621 839 761 913 quisquis
777 840 854 899 atius
870 839 1034 901 saevientis
1052 842 1196 904 fortunae
1211 844 1239 903 v'i

233 928 251 982 3
267 938 303 982 ac
324 924 461 998 pondere
477 922 646 997 obpressus
662 939 722 981 non
738 922 884 982 submittit
898 922 1041 983 animum.
1074 926 1108 986 ln
1122 926 1237 988 benefi-

267 1008 321 1068 ciis
338 1006 417 1065 idem
430 1013 485 1065 est.
502 1006 590 1079 plura
601 1005 711 1080 aliquis
723 1005 855 1080 accepit,
872 1006 1000 1080 maiora,
1017 1008 1239 1081 frequentiorm

266 1104 327 1147 non
348 1095 447 1148 tamen
470 1087 567 1147 victus
582 1095 637 1147 est.
666 1088 820 1148 Beneficia
835 1089 967 1148 sortasse
982 1090 1143 1152 beneficiis
1162 1095 1239 1153 victa

266 1179 352 1244 sunt,
379 1172 405 1230 si
427 1168 504 1230 inter
518 1186 553 1230 se
568 1170 639 1231 data
653 1178 683 1229 et
697 1178 824 1245 accepta
839 1180 999 1245 conputes.
1031 1174 1056 1232 si
1072 1175 1196 1235 dantem
1211 1182 1240 1235 et

266 1254 464 1329 accipientem
479 1256 707 1328 amputaveris,
731 1270 860 1326 quorum
882 1253 972 1313 animi
987 1262 1017 1313 et
1031 1253 1087 1329 per
1101 1273 1137 1316 se
1149 1257 1238 1317 aesti

265 1338 367 1398 mandi
385 1344 469 1411 sunt,
496 1352 591 1412 penes
604 1344 742 1396 neutrum
759 1337 816 1396 erit
830 1338 939 1410 palma.
967 1339 1047 1398 solet
1067 1340 1148 1399 enirn
1164 1340 1237 1410 fieri,

265 1428 299 1482 ut
313 1421 401 1481 etiam
417 1436 485 1480 cnm
500 1422 575 1480 aiter
590 1420 689 1480 multis
705 1420 881 1479 volneribus
897 1422 1062 1481 confossus
1078 1430 1142 1495 est,
1166 1426 1238 1483 aiter

267 1504 372 1565 loviter
385 1504 507 1578 quidem
522 1504 663 1577 saucius,
684 1518 776 1578 pares
797 1503 901 1563 exisse
917 1504 1074 1578 dicantur,
1097 1506 1237 1580 quamvis

266 1589 342 1648 aiter
355 1586 493 1646 videatur
507 1586 640 1648 inferior.

234 1688 249 1739 1
328 1670 380 1729 lv.
401 1669 481 1742 Ergo
497 1685 587 1729 nemo
600 1668 680 1727 vinci
695 1674 797 1743 potest
810 1669 984 1745 beneficiis,
1001 1671 1028 1730 si
1045 1669 1104 1731 scit
1114 1672 1235 1745 debere,

267 1768 294 1811 ι
267 1754 373 1811 vuit
385 1753 515 1822 reterre,
538 1751 564 1810 si
581 1752 662 1826 quod
677 1752 771 1811 rebus
786 1769 846 1812 non
864 1760 979 1828 potest,
1001 1753 1101 1815 animo
1116 1762 1235 1831 aequat

265 1835 322 1893 Hic
343 1850 433 1909 quarn
451 1835 525 1894 diu'
518 1852 547 1930 m
554 1834 622 1908 hoc
636 1844 808 1909 permanet,
831 1853 921 1910 quam
937 1835 989 1896 diu
1004 1844 1087 1897 tenet
1099 1840 1235 1898 volunta-

265 1924 341 1991 tem,
363 1926 480 1991 gratum
500 1909 631 1978 animum
654 1918 750 1992 signis
772 1920 938 1993 adprobat.
960 1918 1033 1994 quid
1054 1919 1183 1981 interest
1201 1920 1236 1980 ab

265 2007 334 2062 utra
349 2008 434 2076 parte
450 2002 630 2061 munuscula
646 2002 734 2076 plura
750 2009 965 2062 numerentur?
996 2004 1041 2062 Tu
1055 2004 1150 2063 muita
1166 2004 1236 2063 dare

265 2092 370 2161 potes,
391 2092 421 2145 et
440 2100 497 2159 ego
519 2092 633 2145 tanturn
653 2085 794 2158 accipere
817 2101 955 2159 possum.
987 2092 1086 2145 tecum
1103 2094 1166 2146 stut
1180 2088 1235 2147 ior-

265 2177 353 2241 tuna‚
379 2184 498 2227 mecum
516 2169 598 2228 bona
622 2170 780 2228 voluntas·
806 2175 905 2227 tamen
932 2176 991 2228 tam
1010 2185 1066 2243 par
1087 2169 1141 2228 tibi
1162 2185 1235 2241 sum,

233 2261 251 2313 2
267 2268 356 2326 quam
377 2253 477 2310 multis
500 2250 710 2310 armatissimis
725 2252 798 2310 nudi
814 2260 866 2312 aut
879 2251 986 2311 leviter
1000 2253 1115 2310 armati.
1144 2253 1235 2312 Nemo

265 2334 369 2408 itaque
390 2325 546 2394 ben'eiiciis
569 2334 711 2429 vincitur,
734 2335 805 2408 quia
825 2341 885 2393 tam
906 2342 1009 2429 gratus
1031 2342 1078 2394 est
1097 2336 1235 2410 quisque

267 2432 359 2490 quam
373 2417 477 2480 voluit.
506 2432 574 2475 nam
586 2416 613 2476 si
629 2425 716 2491 turpe
730 2424 777 2477 est
790 2417 947 2477 beneficiis
963 2416 1056 2489 vinci,
1073 2434 1134 2478 non
1148 2434 1235 2493 opor-

264 2506 308 2558 tet
330 2516 349 2559 a
370 2500 621 2575 praepotentibus
643 2500 723 2570 viris¹
737 2500 878 2574 accipere
897 2500 1094 2574 beneficium,
1126 2501 1235 2575 quibus

265 2583 392 2657 gratiam
414 2585 528 2643 reterre
549 2600 608 2643 non
634 2584 753 2658 possis:
779 2584 1001 2658 aprincipibus
1016 2584 1101 2657 dico,
1127 2584 1235 2657 aregi-

266 2665 339 2738 bus,
363 2682 441 2741 quos
462 2685 500 2728 eo
522 2669 591 2728 loco
614 2668 732 2727 fortuna
754 2667 875 2742 posuit,
896 2682 934 2725 ex
951 2683 1012 2740 quo
1027 2667 1128 2739 largiri
1146 2668 1236 2726 muita

265 2758 396 2825 possent
422 2767 519 2825 pauca
539 2752 702 2810 admodum
724 2759 754 2809 et
773 2750 890 2824 inparia
905 2750 985 2809 datis
998 2749 1161 2824 recepturi.
1190 2764 1235 2808 re-

265 2849 320 2906 ges
341 2840 370 2891 et
385 2834 539 2907 principes
556 2834 634 2905 dixi,
658 2832 769 2907 quibus
790 2841 889 2893 tamen
906 2839 1007 2907 potest
1021 2847 1117 2905 opera
1132 2831 1235 2891 navari

266 2923 296 2973 et
312 2930 440 2988 quorum
460 2915 510 2973 iila
531 2917 684 2974 exceliens
706 2916 840 2989 potentia
855 2931 910 2989 per
925 2916 1091 2984 animorum
1107 2930 1235 2975 consen·

233 3013 333 3070 asum
353 2996 612 3072 ministeriumque
628 3005 755 3059 constat.
786 2998 862 3057 Sunt
877 2999 999 3072 quidam
1016 3005 1102 3057 extra
1117 3013 1235 3057 omnem

266 3080 407 3141 subducti
434 3081 645 3155 cupiditatem,
672 3082 721 3156 qui
750 3082 801 3140 vix
825 3081 894 3141 uitis
914 3081 1053 3140 humanis
1075 3079 1236 3139 desideriis

266 3163 493 3238 continguntur,
515 3165 626 3239 quibus
643 3165 715 3224 nibil
731 3170 833 3238 potest
846 3173 1001 3238 praestare
1016 3164 1085 3238 ipsa
1100 3164 1235 3223 tortuna=

265 3262 396 3308 necesse
417 3256 465 3308 est
485 3264 504 3306 a
525 3248 651 3308 Socrate
673 3249 779 3307 vincar
800 3247 972 3321 beneficiis,
998 3261 1127 3306 necesse
1148 3252 1196 3305 est
1218 3260 1236 3303 a

263 3331 417 3406 Diogene,
442 3331 492 3405 qni
518 3348 573 3406 por
592 3332 708 3391 medias
728 3331 931 3390 Macedonum
952 3346 1045 3404 gazas
1069 3329 1170 3388 nudus
1191 3327 1234 3386 in·

233 3415 360 3492 4cessit
380 3414 503 3473 calcatis
526 3415 619 3487 regiis
641 3415 772 3488 opibus:
799 3428 895 3472 onae
916 3414 966 3473 ille
988 3420 1060 3473 tunc
1084 3411 1191 3471 merito
1206 3416 1237 3470 et

265 3498 323 3557 sibi
348 3506 379 3557 et
404 3495 528 3567 ceteris,
556 3496 666 3570 quibus
688 3498 728 3556 ad
751 3495 973 3569 dispiciendum
994 3496 1151 3555 veritatem
1175 3509 1235 3553 non

264 3588 330 3640 erat
350 3579 461 3639 obtusa
480 3578 597 3652 caiigo,
625 3596 718 3653 supra
732 3595 801 3638 eum
817 3578 950 3637 eminere
963 3581 1050 3639 visus
1067 3587 1135 3651 est,
1159 3578 1237 3637 inim

267 3677 357 3736 quem
373 3663 473 3722 omnia
487 3661 633 3722 iacebant.
656 3664 749 3722 multo
766 3662 932 3737 potentior,
948 3664 1041 3723 mutto
1056 3660 1236 3737 locupietior
