2942 4384
312 458 374 523 256
596 460 630 519 L.
653 458 799 518 ANNAEI
826 458 1000 520 SENECAE

313 624 396 683 vem,
419 608 579 670 sedetiam
598 626 669 670 esse
685 618 714 669 et
734 612 830 670 frusta
847 612 912 671 eius
927 613 956 671 in
980 608 1118 686 scyphos
1136 623 1215 667 suos
1228 608 1290 669 dei-

275 709 383 763 moero
398 694 583 767 interipsum
595 694 719 753 bibendi
731 711 857 754 moram.
881 696 967 755 Sitim
978 709 1049 754 esse
1062 698 1175 766 putas?
1196 692 1290 752 febris

314 786 375 852 est,
391 784 421 835 et
436 778 557 851 quidem
572 795 608 837 eo
626 780 739 851 aerior,
757 780 841 851 quod
856 796 917 839 nou
933 785 1014 837 tarto
1026 792 1172 835 venarum
1190 791 1291 849 neque

314 859 343 919 iu
360 868 457 920 eutem
473 862 571 922 effuso
588 864 690 920 calore
707 862 961 935 deprehenditur,
977 862 1033 920 sed
1049 875 1102 919 eor
1118 859 1221 932 ipsum
1238 874 1290 917 ex·-

315 945 418 1019 coquit
432 945 566 1017 luxuria,
581 946 724 1003 invictum
741 947 851 1004 malum
864 953 893 1004 et
907 962 946 1004 ex
961 944 1042 1001 molti
1059 942 1221 1015 fluidoque
1236 939 1290 1001 du·

314 1046 380 1087 mm
406 1034 498 1101 atque
519 1030 647 1102 patiens.
680 1043 741 1085 non
762 1030 912 1101 intellegis
939 1028 1041 1087 omnia
1067 1025 1289 1084 consuetudine

314 1112 374 1170 vim
390 1126 475 1171 suam
491 1113 642 1185 perdere?
656 1111 759 1184 itaque
774 1112 826 1169 nix
841 1112 913 1185 ista,
929 1113 958 1171 iu
978 1127 1038 1184 qua
1053 1111 1112 1167 iam
1128 1108 1222 1167 etiam
1236 1125 1286 1166 na-

315 1195 398 1266 tatis,
415 1210 451 1253 eo
465 1195 604 1268 pervenit
616 1212 676 1254 usu
692 1202 722 1253 et
736 1194 891 1254 cotidiana
906 1194 1055 1254 stomachi
1071 1193 1235 1262 servitute,
1257 1197 1289 1249 ut

315 1294 414 1351 aquae
433 1280 532 1337 locum
554 1278 695 1338 obtineat.
726 1278 852 1351 Aliquid
875 1278 975 1337 adhuc
990 1276 1127 1352 quaerite
1140 1274 1193 1334 illa
1208 1273 1288 1347 frigi-

316 1362 400 1437 dius,
416 1362 488 1437 quia
501 1379 557 1436 pro
573 1361 666 1422 nihilo
683 1368 730 1420 est
746 1362 899 1421 familiaris
914 1361 1006 1436 rigor.

690 1553 900 1564 ---.---—

602 1695 636 1774 lt.
661 1694 800 1775 ttulit
826 1682 996 1775 sllitttt

666 1847 715 1895 AD
745 1846 934 1897 LUCILIUM

314 1960 758 2061 uttonttttltt
805 1958 1289 2068 tontsttttilltt

700 2126 834 2189 LIBER
862 2130 896 2189 V.

734 2284 828 2295 ——-—-.

285 2423 299 2473 1
375 2403 396 2461 l.
419 2405 566 2466 Ventus
582 2409 783 2467 esliluens
800 2424 872 2467 aer.
895 2408 1021 2481 Quidam
1036 2405 1077 2466 iu
1090 2405 1287 2464 definierunt:

314 2497 453 2547 vontus
475 2497 535 2548 est
557 2493 762 2551 aerflueus
778 2492 812 2549 in
829 2508 938 2551 unam
956 2497 1111 2565 partem.
1135 2489 1220 2547 Haeo
1236 2490 1286 2546 de-

314 2571 409 2630 linitio
432 2571 552 2632 videtur
567 2574 751 2649 diligentior,
775 2575 846 2649 quia
866 2591 1030 2649 numquam
1046 2588 1099 2631 aer
1115 2580 1173 2631 tam
1191 2570 1286 2631 inmo-

313 2654 381 2713 bilis
397 2663 456 2727 est,
479 2663 512 2715 ul
532 2672 592 2715 nou
606 2658 637 2715 in
652 2659 754 2732 aliqua
773 2659 812 2718 sit
826 2659 998 2731 agitatione.
1031 2657 1076 2715 sio
1092 2657 1287 2744 tranquillum

315 2754 397 2796 mare
413 2738 535 2814 dieitur,
552 2756 620 2799 oum
635 2742 742 2801 leviter
753 2751 892 2801 movetur
905 2757 1005 2816 neque
1019 2741 1156 2800 inunum
1170 2746 1287 2813 partem

313 2821 480 2879 inclinatur.
502 2824 608 2897 ltaque
623 2825 650 2882 si
665 2826 790 2898 legeris:

461 2922 527 2965 eum
538 2908 689 2980 placidum
700 2912 791 2967 vendo
804 2915 897 2967 staret
909 2925 999 2978 mure,

312 2986 388 3045 scito
403 2987 476 3046 illud
491 3004 551 3047 non
567 2996 662 3062 stare,
687 2991 743 3049 sed
768 2994 884 3050 sueouti
902 2992 1007 3049 leviter
1022 2997 1051 3049 et
1066 2988 1126 3048 diei
1142 2985 1287 3061 tranquil-

281 3070 388 3144 2lum,
410 3071 481 3145 quia
502 3087 602 3145 neque
622 3072 682 3131 huo
697 3089 798 3149 neque
813 3076 863 3134 illo
879 3075 1012 3148 inpetum
1029 3072 1129 3131 iaciat.
1158 3072 1243 3130 Idem
1258 3078 1286 3129 et

312 3155 350 3211 de
371 3158 441 3214 aere
462 3154 655 3215 iudicandum
677 3163 737 3230 est,
763 3174 824 3217 non
847 3174 918 3217 esse
941 3172 1086 3230 umquam
1101 3154 1284 3223 inmobilem,

311 3238 428 3298 etiamsi
453 3239 573 3313 quietus
594 3241 641 3300 sit.
676 3241 761 3315 quod
781 3257 819 3299 ex
841 3240 900 3299 hoe
922 3240 1083 3313 intellegas
1106 3239 1191 3297 licet:
1219 3254 1284 3297 oum

312 3323 358 3379 sol
372 3322 401 3380 iu
417 3322 549 3396 aliquem
565 3325 701 3383 clausum
716 3327 817 3384 loeutu
833 3325 952 3383 inlusus
968 3330 1034 3396 est,
1056 3324 1196 3381 videmus
1220 3336 1283 3380 cor-

311 3407 441 3478 puscula
452 3406 576 3465 minima
590 3408 619 3466 in
636 3408 799 3467 adversum
815 3406 900 3480 ferri,
922 3408 981 3466 alia
996 3423 1135 3476 sursum,
1158 3404 1219 3464 alin
1233 3405 1282 3464 de·

279 3493 296 3545 3
310 3504 413 3547 orsum
429 3488 511 3548 varie
527 3490 751 3551 concursantia.
773 3490 853 3564 Ergo
869 3498 900 3551 ut
915 3507 1023 3564 parum
1039 3488 1199 3563 diligenter
1213 3503 1282 3547 eon-

310 3572 492 3645 prehendet,
509 3573 682 3647 quodvult,
699 3575 751 3649 qui
763 3574 887 3634 dixerit:
902 3573 1039 3647 „fluctus
1052 3580 1099 3631 est
1114 3572 1207 3630 maris
1223 3570 1282 3644 agi-

311 3656 419 3729 tatio‚“
443 3656 514 3731 quia
536 3658 726 3733 tranquillum
744 3673 867 3733 quoque
882 3658 1026 3731 agitatur,
1047 3665 1077 3717 at
1097 3657 1147 3716 ille
1162 3655 1282 3717 abunde
