2942 4384
265 477 267 480 ’
302 473 364 538 288
590 475 624 535 L.
647 476 792 536 ANNAEI
815 475 988 535 SENECAE

269 626 443 702 apiodotus
463 626 568 697 tradit,
591 642 658 685 cum
680 633 766 701 petra
781 641 798 683 e
812 628 905 685 latere
920 626 1030 685 montis
1048 626 1179 699 abrupta
1194 626 1273 685 ceci·

299 710 410 783 disset,
440 709 580 768 aedificia
600 710 700 767 vicina
722 717 850 768 tremore
871 709 1020 782 conlapsa
1041 712 1145 780 [sunt].
1187 709 1273 767 Idem

300 793 357 853 sub
381 794 467 852 terris
486 792 551 850 lieri
575 799 688 866 potest,
713 798 746 849 ut
766 807 805 849 ex
826 790 888 861 his,
913 808 991 865 quae
1011 792 1193 865 inpendent,
1222 808 1272 851 ru·

299 876 390 950 pibus
410 876 512 948 aliqua
532 876 665 934 resoluta
685 890 795 947 magno
816 873 953 948 pondere
973 890 1009 933 ae
1030 890 1108 933 sono
1123 874 1152 932 in
1169 875 1270 934 subia-

300 966 416 1018 centem
441 973 601 1016 cavernam
623 958 712 1016 cadat
732 973 769 1015 eo
791 956 1014 1029 vehementiuS,
1043 973 1104 1031 quo
1126 965 1179 1016 aut
1200 959 1270 1032 plus

300 1040 445 1116 ponderis
458 1040 541 1098 venit
555 1047 606 1099 aut
619 1040 723 1111 altius,
746 1048 775 1099 et
789 1041 833 1099 sic
849 1047 1046 1099 conmovetur
1058 1057 1147 1100 omne
1160 1048 1270 1099 tectum
1283 1059 1285 1061 ’

270 1132 423 1185 bcavatae
444 1122 542 1181 vallis.
582 1124 645 1181 Nec
665 1130 764 1181 tamen
785 1122 921 1197 pondere
944 1133 1001 1181 suo
1026 1123 1167 1182 abscindi
1194 1140 1271 1182 saxa

283 1207 443 1287 ¹credibile
464 1212 524 1278 est,
548 1207 604 1264 sed
621 1216 693 1264 cum
713 1205 836 1264 flumina
851 1220 945 1278 supra
959 1208 1101 1277 serantur,
1120 1207 1269 1266 adsiduus

298 1290 406 1349 humor
426 1290 642 1348 commissuras
662 1288 772 1362 lapidis
794 1286 937 1348 extenuat
956 1296 986 1347 et
1008 1290 1118 1348 cotidie
1139 1289 1202 1362 his,
1230 1291 1269 1348 ad

300 1388 378 1447 quae
394 1371 538 1444 religatus
555 1379 616 1442 est,
639 1372 736 1430 aulert
752 1379 782 1429 et
802 1371 897 1443 illam,
918 1377 951 1431 ut
968 1372 1135 1443 bedleem,
1159 1379 1268 1445 cutem,

299 1472 360 1530 qua
375 1456 553 1525 continetur,
569 1455 696 1513 abradit.
720 1454 831 1534 deinde
846 1456 938 1527 longa
953 1470 1007 1527 per
1020 1470 1128 1513 aevum
1141 1456 1269 1514 diminu-

297 1538 339 1597 tio
362 1554 462 1611 usque
482 1553 520 1596 eo
541 1538 671 1596 infirmat
691 1537 756 1609 illa,
781 1552 859 1610 quae
883 1538 992 1595 cotidie
1009 1538 1145 1608 adtrivit,
1168 1543 1202 1596 ut
1217 1539 1267 1597 de-

269 1622 397 1684 isinant
417 1636 487 1679 esse
509 1620 593 1679 oneri
613 1621 755 1679 terendo:
784 1628 855 1679 tunc
870 1636 947 1679 saxa
963 1622 1039 1680 vasti
1054 1621 1201 1694 ponderis
1216 1621 1267 1679 de·

253 1718 256 1724 ’
298 1704 415 1774 eidunt,
437 1710 507 1761 tuuc
527 1702 578 1761 illa
598 1703 797 1776 praecipitata
816 1720 909 1777 rupes
925 1703 1072 1779 quicquid
1091 1705 1130 1763 ab
1145 1704 1207 1764 imo
1222 1720 1267 1763 re·

297 1783 450 1859 percussit
464 1801 524 1844 non
540 1800 669 1858 passura
687 1786 856 1844 consistere

380 1885 446 1928 cum
459 1870 553 1927 sonita
566 1870 643 1928 venit
655 1874 684 1928 et
696 1886 785 1929 ruere
798 1872 896 1930 omnia
910 1872 977 1929 eisa-
988 1877 1114 1945 repente,

296 1959 329 2012 ut
342 1950 383 2011 ait
398 1952 551 2025 Vergilius
567 1958 679 2010 noster.

271 2044 285 2093 1
359 2034 463 2093 XXllI.
481 2034 601 2094 Huius
619 2042 741 2094 motus
757 2035 1021 2095 succutientis
1036 2043 1162 2096 terras
1180 2037 1266 2106 haec

298 2118 519 2177 eritcausa.
551 2118 596 2175 ad
617 2119 777 2177 alteram
799 2125 968 2196 transeo.
1003 2120 1083 2178 Rara
1098 2125 1197 2178 terrae
1215 2136 1265 2179 na·
1306 2113 1312 2121 “

297 2207 364 2260 tura
379 2207 427 2262 est
446 2202 632 2274 multumque
647 2200 763 2259 habens
779 2201 882 2260 vacui:
906 2218 961 2276 per
975 2202 1031 2260 has
1047 2204 1186 2261 raritates
1205 2204 1266 2277 spi·

296 2283 371 2342 ritus
387 2285 488 2354 fertur,
510 2283 575 2357 qui,
594 2283 645 2341 ubi
660 2284 756 2341 maior
768 2284 887 2344 influxit
899 2300 955 2343 nec
968 2285 1117 2357 emittitur,
1134 2287 1266 2345 concutit

268 2370 413 2427 iterram.
451 2366 533 2424 Haec
550 2367 649 2439 placet
663 2374 692 2425 et
708 2365 790 2438 aliis,
806 2375 839 2427 ut
854 2370 944 2440 paulo
960 2376 1029 2427 ante
1043 2369 1145 2439 retuli,
1163 2385 1264 2442 causa,

232 2451 249 2478 ⁹
297 2446 324 2506 si
340 2446 412 2521 quid
434 2448 515 2521 apud
531 2454 560 2506 te
576 2449 749 2522 proiectura
763 2452 883 2509 testium
899 2452 987 2510 turba
1000 2459 1061 2511 est:
1084 2451 1163 2511 hanc
1176 2452 1265 2512 etiam

297 2530 495 2591 Callisthenes
515 2531 637 2606 probat,
660 2549 720 2591 non
743 2542 933 2606 contemptus
956 2535 1011 2592 vir.
1037 2534 1106 2608 (luit
1126 2535 1207 2594 enim
1223 2535 1263 2594 illi

295 2614 396 2674 nobile
419 2615 571 2688 ingenium
592 2622 622 2675 et
651 2616 803 2674 furibundi
828 2617 910 2689 regis
935 2617 1105 2690 inpatiens:
1143 2618 1192 2676 hic
1219 2628 1265 2678 est

295 2698 461 2756 Alexandri
482 2699 593 2757 crimen
620 2707 791 2772 aeternum,
821 2701 905 2773 quod
931 2702 1013 2759 nulla
1037 2702 1152 2771 virtus,
1183 2703 1264 2761 nulla

265 2781 439 2843 3bellorum
465 2782 591 2840 felicitas
616 2782 753 2840 redimet.
784 2799 853 2841 nam
880 2782 1021 2857 quotiens
1043 2784 1112 2857 quis
1138 2783 1264 2844 dixerit:

293 2864 426 2935 „occidit
449 2863 609 2922 Persarum
638 2867 730 2924 multa
751 2865 871 2924 milia“z
899 2874 1080 2940 opponetur.
1107 2876 1157 2941 „et
1178 2868 1264 2927 Calli-

294 2944 462 3004 sthenem.“
484 2945 625 3018 quotiens
639 2948 750 3006 dictum
763 2949 831 3008 erit:
853 2949 985 3021 „occidit
998 2950 1143 3023 Dareum,
1168 2967 1263 3025 penes

294 3042 384 3101 qtrem
402 3034 463 3086 tum
478 3029 640 3088 maximum
654 3045 781 3103 regnum
797 3039 895 3091 erat‘:
917 3039 1103 3106 opponetur:
1132 3041 1184 3105 „et
1199 3035 1263 3093 Cal·

292 3111 483 3171 listhenem.“
511 3112 651 3186 quotiens
673 3114 784 3173 dictum
806 3116 875 3173 erit=
900 3117 1021 3186 „omnia
1042 3131 1159 3175 oceano
1176 3125 1263 3177 tenus

291 3196 377 3268 vicit,
406 3193 506 3269 ipsum
527 3205 651 3270 quoque
672 3199 828 3271 temptavit
848 3198 936 3256 novis
956 3198 1108 3259 classibus
1124 3208 1155 3259 et
1168 3200 1263 3274 impe·

291 3280 369 3337 rium
384 3294 423 3336 ex
438 3281 547 3351 angulo
563 3280 708 3338 Thraciae
723 3289 823 3354 usque
839 3282 876 3339 ad
893 3281 1022 3340 Orientis
1037 3282 1181 3341 terminos
1193 3300 1264 3357 pro·

292 3363 392 3421 tulit“:
416 3362 548 3421 dicetur:
576 3363 652 3433 „sed
671 3364 881 3423 Callisthenem
896 3365 1038 3423 occidit.“-
1071 3364 1180 3425 Omnia
1193 3367 1264 3425 licet

292 3445 415 3519 antiqua
427 3444 536 3504 dueum
552 3460 718 3519 regumque
731 3448 871 3521 exempla
882 3448 1041 3521 transierit,
1057 3464 1097 3507 ex
1109 3448 1167 3521 his,
1184 3465 1264 3524 quae

263 3528 375 3598 eiecit,
405 3527 477 3585 nihil
497 3533 557 3586 tam
578 3544 718 3601 magnum
741 3531 796 3589 erit
817 3547 905 3603 quam
927 3532 1028 3590 scelus
1051 3532 1133 3601 hoc.)
1176 3533 1262 3591 catri-

292 3610 415 3669 sthenes
431 3611 459 3669 in
473 3609 572 3681 libris,
593 3609 703 3684 quibus
716 3613 873 3684 describit,
890 3614 1148 3688 quemadmodmn
1159 3616 1264 3675 Helice

285 3693 444 3770 Eurisque
461 3709 579 3755 mersae
601 3702 684 3770 suut,
713 3697 781 3771 quis
805 3696 871 3759 illas
893 3713 984 3760 casus
1006 3698 1036 3757 in
1058 3713 1141 3762 utare
1162 3701 1212 3760 vel
1232 3701 1262 3759 iu
