2942 4384
325 458 367 522 34
610 457 643 515 L.
665 454 812 514 ANNAEI
833 454 1008 514 SENECAE

325 612 420 683 tebat,
443 609 578 683 excepit,
601 605 628 667 si
650 623 704 682 per
724 607 824 682 ipsum
840 624 926 666 mora
941 624 1002 681 quo
1017 608 1116 668 miuus
1131 592 1300 670 remitteret

297 708 386 763 anon
404 694 465 751 luit.
502 691 584 764 „Sed
599 691 754 765 quamvis,
775 690 885 764 Inquit,
904 692 960 750 arti
976 691 1106 752 ludentis
1122 693 1194 752 nihil
1208 695 1298 769 desit,

327 779 398 854 quia
415 782 529 851 partem
548 773 670 848 quidem
686 774 771 841 lecit,
795 774 851 832 sed
867 779 896 832 et
911 781 1025 847 partem
1039 792 1128 848 quam
1141 792 1204 835 non
1217 778 1296 852 iecit,

326 866 428 937 potest
441 861 556 928 lacere,
580 859 667 915 lusus
682 855 750 930 ipse
762 857 948 930 inperfectus
961 864 1023 930 est,
1040 860 1090 932 qui
1102 874 1295 919 consumma-

296 952 373 1008 ltur
390 941 506 1001 vicibus
522 938 658 999 mittendi
672 956 708 998 ac
722 940 923 999 remittendi.“
957 941 1033 999 Nolo
1049 940 1162 1001 diutius
1176 942 1236 1003 hoc
1248 959 1294 1003 re

323 1029 437 1087 fellere.
470 1024 676 1083 existimemus
697 1023 739 1082 ita
758 1038 844 1094 esse,
873 1022 953 1082 desit
972 1025 1086 1099 ahquid
1107 1026 1204 1099 lusui,
1232 1042 1292 1086 non

273 1105 282 1111 ’
323 1108 435 1169 lusori:
458 1106 503 1167 sic
524 1114 553 1166 et
571 1105 602 1165 in
617 1104 692 1180 hoo,
715 1106 754 1164 de
770 1123 830 1180 quo
846 1104 1054 1181 disputamuS,
1076 1108 1164 1168 deest
1179 1109 1293 1184 aliquid

322 1194 366 1251 rei
383 1194 484 1265 datae,
505 1190 554 1250 cui
567 1199 624 1263 par
638 1189 697 1248 alia
712 1189 848 1262 debetur,
871 1206 931 1249 non
947 1189 1057 1249 animo.
1091 1191 1146 1263 Qui
1160 1192 1291 1251 animum

322 1292 427 1351 parem
449 1274 507 1334 sibi
528 1280 636 1333 nactus
657 1280 718 1346 est,
743 1273 931 1347 quantumin
947 1274 998 1332 illo
1014 1282 1076 1348 est,
1099 1276 1183 1347 quod
1199 1276 1292 1335 voluit

323 1358 433 1419 effecit.

295 1460 309 1510 1
384 1442 516 1501 XXXIII.
548 1439 735 1498 BeneficIum
760 1436 833 1496 mihi
859 1438 961 1514 dedit,
990 1442 1095 1513 accepi
1121 1456 1182 1500 non
1208 1442 1290 1501 aliter

324 1543 414 1601 quam
435 1527 502 1599 ipse
522 1523 620 1596 accipi
642 1522 750 1581 voluit:
779 1522 837 1580 iam
856 1521 949 1583 habet
969 1524 1051 1598 quod
1074 1526 1146 1598 petit
1163 1526 1288 1599 etquod

322 1626 414 1667 unum
429 1610 517 1682 petit,
540 1622 612 1679 ergo
628 1612 731 1679 gratus
747 1621 824 1663 sum.
855 1605 928 1665 Post
942 1608 1018 1666 haec
1032 1624 1108 1666 usus
1125 1608 1184 1666 mei
1199 1616 1291 1668 restat

322 1699 351 1749 et
366 1692 492 1766 aliquod
507 1706 546 1748 ex
559 1689 681 1749 homine
697 1696 783 1762 grato
800 1692 1001 1749 commodum.
1033 1691 1100 1750 Hoc
1114 1708 1176 1750 non
1193 1692 1290 1766 inpcr-
1330 1709 1333 1730 ¹

292 1775 391 1841 alecti
408 1772 501 1834 oflicii
516 1774 633 1847 reliqua
648 1788 718 1846 pars
735 1777 797 1844 est,
818 1773 871 1830 sed
889 1771 1015 1845 perlecti
1030 1775 1179 1833 accessio.
1208 1774 1291 1833 Facit

320 1856 442 1917 Phidias
464 1864 607 1916 statuam:
637 1855 714 1915 alius
736 1861 783 1913 est
804 1856 919 1914 iructns
941 1857 1028 1928 artis,
1058 1857 1136 1916 nlius
1156 1857 1289 1917 artificii:

220 1987 225 1992 .
320 1940 392 2000 artIs
415 1948 462 2000 est
480 1940 591 1999 fecisse
608 1939 690 2013 qnod
704 1938 813 2011 voluit,
836 1937 953 1998 artificii
969 1941 1081 1999 fecisse
1095 1956 1164 1999 oum
1182 1942 1288 2001 lructu.

319 2024 449 2099 perfecit
469 2040 548 2098 opus
564 2040 652 2083 suum
667 2022 805 2095 Phidias,
829 2022 1026 2082 etiamsinon
1050 2022 1195 2083 vendidit.
1230 2024 1289 2082 Tri-

320 2110 392 2182 plex
413 2107 456 2167 illi
476 2110 590 2167 fructus
607 2114 654 2166 est
671 2106 773 2179 operis
790 2104 847 2163 sui.
869 2122 950 2165 unus
968 2107 1188 2167 conscientiae:
1209 2106 1290 2165 hunc

303 2191 461 2252 absoluto
484 2205 579 2264 opere
601 2188 738 2263 percipit.
771 2188 847 2246 alter
871 2188 983 2259 lamae,
1012 2191 1117 2260 tertius
1143 2189 1288 2262 utilitatis

320 2290 410 2349 quem
426 2274 564 2333 adlatura
579 2279 625 2331 est
642 2279 692 2329 aut
707 2271 803 2344 gratia
818 2278 870 2330 aut
884 2273 1015 2331 venditio
1032 2281 1083 2332 aut
1093 2273 1197 2347 aliqua
1208 2290 1289 2333 com·

290 2357 459 2421 dmoditas.
497 2353 547 2415 Sic
569 2354 708 2413 beneficii
730 2355 845 2413 tructus
867 2355 981 2428 pnmus
1003 2358 1053 2414 ille
1067 2363 1115 2416 cst
1130 2358 1288 2416 consolen-

318 2440 387 2498 tiae.
408 2440 490 2498 hunc
507 2438 649 2512 percipit,
673 2437 801 2511 quiquo
818 2438 912 2499 voluit
926 2455 1036 2497 munos
1052 2455 1141 2499 suum
1158 2442 1288 2515 pertulit

319 2524 474 2581 secundus
493 2527 533 2594 [et
545 2524 657 2592 tertius]
673 2527 720 2579 est
736 2526 777 2591 [et
792 2521 889 2580 lamae
905 2527 944 2593 et]
961 2539 1082 2595 eorum,
1106 2540 1187 2598 quae
1202 2539 1289 2600 prae-

319 2605 392 2665 stari
406 2606 536 2665 invicem
551 2612 696 2679 possunt:
719 2604 822 2677 itaque
839 2620 908 2663 cum
919 2603 1050 2680 benigne
1061 2614 1221 2681 acceptum
1234 2614 1289 2679 εει,

316 2689 498 2749 beneficIurn
520 2695 576 2748 est.
610 2688 662 2762 qui
683 2688 780 2760 dedit,
803 2689 929 2761 gratiam
946 2691 1068 2763 quidem
1088 2690 1146 2748 iam
1164 2690 1288 2765 recepit,

315 2775 490 2832 'mercedem
502 2773 652 2831 nondum:
669 2771 768 2831 debeo
781 2772 898 2845 itaque,
915 2774 999 2846 quod
1010 2780 1096 2832 extra
1106 2774 1288 2835 beneficium

318 2863 380 2929 est,
401 2856 502 2929 ipsum
518 2855 639 2930 quidem
654 2853 732 2911 bene
748 2855 927 2927 accipiendo
944 2857 1089 2929 persolvi.

290 2957 304 3007 1
380 2938 513 2997 XXXIV.
536 2937 633 3010 „Quid
650 2942 745 3009 ergo?
764 2936 874 3011 Inquit,
897 2940 997 3000 retulit
1009 2940 1135 3013 gratiam
1152 2939 1204 3014 qni
1216 2939 1289 2999 nihil

244 3084 251 3091 ,
317 3019 434 3080 ιεείιιιι
469 3021 601 3079 Primum
623 3021 707 3079 lecit:
736 3020 818 3080 bono
839 3022 939 3083 animo
961 3023 1074 3083 bonurn
1099 3022 1221 3097 obtulit,
1249 3030 1287 3095 et,

317 3105 400 3179 quod
416 3113 464 3164 est
484 3105 646 3177 amIcitIae,
668 3121 707 3163 ex
724 3119 834 3178 aequo.
862 3113 934 3180 post
948 3107 1058 3166 deinde
1073 3108 1159 3167 aliter
1172 3106 1288 3166 benefi-

316 3188 409 3259 cium,
433 3190 517 3248 aliter
538 3188 684 3247 creditum
707 3189 850 3247 solvitur:
873 3205 934 3247 non
951 3197 999 3250 est
1016 3192 1098 3265 quod
1113 3197 1289 3264 exspectes,

316 3277 348 3331 ut
372 3271 553 3332 solutionem
578 3271 631 3331 tibi
658 3271 834 3331 ostendam:
863 3270 914 3332 res'
933 3274 1011 3332 inter
1031 3275 1148 3334 animos
1165 3274 1288 3347 geritur.

287 3355 404 3427 20uod
425 3356 493 3415 dico
514 3372 575 3415 non
592 3353 745 3415 videbitur
765 3355 889 3429 durum,
912 3358 1049 3431 quamvls
1069 3358 1165 3432 primo
1183 3366 1289 3434 contra

317 3437 491 3513 opinIonem
511 3445 626 3513 pugnet
640 3446 736 3513 tuam,
759 3438 786 3497 si
801 3445 830 3497 te
845 3442 1088 3501 commodaveris
1103 3442 1176 3500 mihi
1191 3447 1222 3499 et
1237 3455 1287 3499 co·

316 3521 460 3594 gilaveris
483 3525 587 3597 plures
609 3538 745 3582 asseres
761 3539 853 3596 quam
872 3524 972 3582 verba.
1008 3526 1119 3599 Ingens
1134 3524 1226 3598 copia
1241 3532 1288 3583 est

315 3618 417 3663 rerum
438 3606 505 3665 sine
528 3605 665 3678 nomine,
692 3622 770 3678 quas
797 3622 856 3664 non
878 3608 1010 3681 propriis
1032 3608 1285 3683 adpellationibus

316 3693 456 3749 notamus
477 3688 533 3748 sed
555 3688 661 3748 alienIs
678 3689 955 3765 commodatisque=
978 3692 1088 3767 pedem
1104 3700 1134 3752 et
1149 3698 1285 3752 nostrum
