2942 4384
312 472 374 536 258
592 474 626 533 L.
645 474 792 533 ANNAEI
812 472 987 535 SENECAE

311 626 452 686 stantium
474 625 597 700 eripiat,
620 625 704 698 quod
726 640 786 685 non
809 624 957 698 eveniret,
980 624 1040 683 nisi
1053 626 1084 683 in
1100 640 1229 698 parvum
1244 628 1288 687 lo·

311 726 379 770 curn
401 725 532 782 corpora
547 725 581 767 se
596 709 687 767 muita
703 709 918 782 conpellerent.
940 708 1022 782 atqui
1037 710 1153 767 nulium
1167 718 1287 784 tempus

282 792 406 867 amagis
422 808 513 867 quam
534 792 714 851 nebulosum
736 799 818 850 caret
834 798 936 851 vento.
970 791 1181 863 Adice-nunc,
1205 794 1287 867 quod

311 893 328 934 e
344 876 495 935 contrario
512 876 627 947 evenit,
650 882 683 932 ut
697 875 744 933 soi
759 876 936 934 matutinum
951 878 1022 932 aera
1038 874 1174 948 spissum
1190 884 1221 935 et
1234 876 1286 936 hu·

310 959 424 1018 midum
447 966 514 1017 ortu
535 973 590 1016 suo
616 964 739 1017 tenuata
773 965 841 1017 tunc
862 957 958 1031 surgit
982 973 1071 1031 aura,
1096 973 1165 1017 cum
1186 958 1286 1019 datum

205 1092 213 1100 .
311 1051 359 1101 est
377 1043 582 1101 laxamentum
602 1041 783 1115 corporibus
805 1048 835 1100 et
855 1041 977 1114 stipatio
991 1040 1118 1100 illorum
1138 1057 1176 1100 ac
1201 1043 1285 1102 turba

310 1128 447 1185 resoluta
462 1133 518 1183 est.
1277 1149 1279 1152 ·

285 1217 299 1266 1
373 1210 425 1266 lV.
461 1208 563 1281 „Quo
595 1208 706 1268 modo
739 1224 846 1281 ergo,
882 1207 998 1283 inquis,
1033 1207 1137 1267 fiunt
1168 1210 1284 1281 venti,

312 1292 454 1367 quoniam
470 1292 528 1350 hoc
546 1292 660 1369 [modo]
677 1307 772 1365 negas
788 1291 894 1351 ίὶετίἳιι
921 1292 987 1351 Non
1003 1291 1188 1351 utromodo:
1209 1292 1284 1350 alias

311 1376 389 1433 enim
406 1383 485 1434 terra
497 1376 566 1449 ipsa
578 1377 637 1434 vim
650 1391 789 1448 magnam
801 1376 880 1434 aeris
893 1376 962 1435 eicit
972 1380 1002 1433 et
1012 1390 1050 1432 ex
1063 1375 1167 1434 abdito
1180 1376 1284 1449 spirat,

310 1459 385 1517 alias
400 1475 467 1523 oum
479 1474 589 1532 magna
601 1466 631 1517 et
643 1460 786 1518 continua
800 1476 839 1517 ex
854 1458 936 1517 *imo
953 1457 1130 1531 evaporatio
1147 1459 1177 1516 in
1194 1460 1284 1517 altum

311 1542 373 1615 egit
390 1558 468 1615 quae
489 1542 645 1615 emiserat,
668 1542 822 1600 inmutatio
843 1544 912 1615 ipsa
932 1542 1042 1600 halitus
1064 1541 1148 1599 mixti
1166 1542 1195 1599 in
1211 1557 1285 1599 ven·

282 1634 373 1685 atum
396 1626 528 1684 vertitur.
569 1626 646 1684 iilud
667 1626 747 1683 enim
768 1641 869 1700 neque
887 1632 920 1685 ut
934 1625 1054 1683 credam
1070 1624 1142 1681 mihi
1157 1640 1283 1698 persua-

311 1709 376 1767 deri
398 1716 500 1782 potest
514 1722 614 1781 neque
629 1715 662 1767 ut
676 1715 808 1767 taceam:
832 1709 987 1782 quomodo
1002 1708 1032 1766 in
1047 1708 1161 1767 nostris
1175 1723 1284 1781 corpo-

309 1791 395 1851 ribus
418 1790 484 1849 cibo
508 1790 541 1848 srt
559 1789 691 1863 inflatio,
713 1807 792 1864 qnae
813 1808 873 1851 non
898 1792 965 1849 sine
979 1806 1090 1864 magna
1105 1791 1225 1849 narium
1242 1791 1284 1848 in—

310 1876 387 1934 iuria
408 1873 551 1932 emittitur
572 1881 602 1934 et
619 1881 754 1933 ventrem
777 1874 926 1933 interdum
949 1890 1018 1935 cnm
1033 1890 1111 1933 sono
1127 1881 1285 1945 exonerat,

310 1959 462 2017 interdum
484 1959 647 2017 secretius:
676 1957 721 2016 sic
742 1963 848 2031 putant
868 1967 898 2017 et
918 1958 998 2017 hanc
1018 1973 1159 2031 magnam
1184 1972 1285 2015 rerum

311 2049 448 2101 naturam
463 2041 604 2100 alimenta
618 2048 781 2100 mutantem
797 2041 931 2100 emittere
946 2040 1093 2113 spiritum.
1131 2041 1216 2098 Bene
1232 2056 1284 2098 no·

311 2126 429 2185 biscum
447 2126 553 2198 agitur,
569 2124 652 2199 quod
668 2137 790 2198 semper
802 2125 967 2198 concoquit
978 2130 1007 2183 et
1019 2123 1064 2182 sie
1076 2122 1195 2182 emittit:
1211 2124 1279 2181 aiio·

284 2210 384 2282 3quin
406 2209 580 2266 inmundius
603 2207 717 2280 aliquid
739 2207 922 2267 timeremus.
956 2205 1110 2280 Numquid
1130 2221 1205 2278 ergo
1229 2204 1286 2264 hoc

247 2297 251 2304 ”
311 2292 413 2349 verius
435 2298 482 2349 est
503 2290 631 2362 dicere,
648 2292 741 2349 multa
764 2306 802 2348 ex
823 2291 903 2350 omni
925 2296 1011 2362 parte
1026 2296 1172 2348 terrarum
1188 2296 1220 2347 et
1233 2289 1284 2346 ad-

312 2373 401 2433 sidua
413 2373 484 2430 terri
496 2373 693 2446 corpuscula,
710 2388 789 2445 quae
802 2389 869 2433 cum
880 2380 1062 2432 coacervata
1073 2379 1159 2445 sunt,
1174 2371 1285 2429 deinde

312 2456 469 2514 extenuari
490 2456 556 2515 sole
577 2457 748 2530 coeperint,
778 2457 850 2530 quia
871 2471 976 2528 omne,
999 2456 1083 2529 quod
1102 2455 1133 2512 in
1154 2461 1285 2527 angusto

312 2538 461 2616 dilatatur,
486 2539 616 2613 spatium
632 2540 728 2597 maius
746 2538 914 2611 desiderat,
933 2546 1045 2598 ventus
1061 2536 1204 2597 exsistit?
1242 2575 1244 2577 ψ

284 2633 298 2682 1
373 2623 411 2681 V.
440 2622 517 2695 Quid
533 2628 627 2695 ergo?
647 2622 726 2681 hanc
742 2623 839 2685 solam
854 2638 926 2681 esse
941 2638 1067 2681 cansam
1083 2622 1164 2679 venti
1182 2620 1285 2679 existi·

312 2722 377 2778 mo,
403 2722 550 2779 aquarum
566 2712 775 2778 terrarumque
790 2705 1046 2779 evaporationes?
1072 2719 1110 2762 ex
1126 2702 1174 2761 his
1189 2704 1285 2777 gravi-

312 2797 403 2848 tatem
424 2789 503 2847 aeris
522 2789 632 2848 deinde
654 2788 732 2847 solvi
753 2789 871 2863 inpetu,
899 2804 968 2847 cum
986 2787 1180 2862 quaedensa
1195 2794 1285 2845 stete

311 2878 393 2942 rant,
420 2879 452 2930 ut
473 2878 520 2929 est
539 2886 684 2943 necesse,
711 2878 873 2931 extenuata
896 2872 1029 2931 nituntur
1053 2868 1083 2927 in
1109 2869 1286 2942 ampliorem

313 2954 434 3011 locum?
470 2952 535 3026 Ego
550 2968 624 3012 vero
642 2962 671 3012 et
685 2952 765 3012 hanc
779 2954 898 3014 indico:
920 2961 1054 3014 ceterum
1068 2953 1120 3011 iila
1134 2958 1182 3011 est
1198 2954 1286 3025 longe

312 3034 461 3095 valentior
478 3036 654 3109 veriorque,
674 3035 788 3106 habere
802 3041 875 3096 a'e'ra
890 3038 1057 3096 naturalem
1067 3036 1129 3094 vim
1143 3032 1287 3094 movendi

313 3134 469 3192 seneque
491 3119 612 3178 aliunde
634 3119 812 3194 concipere,
840 3120 896 3179 sed
916 3120 1019 3179 inesse
1044 3117 1087 3178 illi
1107 3123 1142 3176 ut
1160 3118 1286 3177 aliarum

284 3209 430 3275 trorum,
460 3202 500 3261 ita
521 3202 611 3261 huius
632 3202 808 3277 potentiam.
851 3204 900 3261 An
920 3202 980 3262 hoc
1000 3201 1175 3273 existimaS,
1198 3200 1286 3260 nobis

314 3286 436 3361 quidem
451 3286 538 3343 datas
551 3285 649 3358 vires,
670 3284 781 3359 quibus
795 3301 853 3345 nos
868 3300 1077 3358 moveremus,
1100 3286 1173 3342 aera
1187 3291 1287 3343 autern

313 3370 449 3429 relictum
470 3368 596 3427 inertem
612 3374 641 3425 et
661 3366 971 3441 inagitabitemesset
994 3383 1063 3426 curn
1078 3383 1160 3441 aqua
1174 3374 1286 3426 motum

314 3467 403 3512 suum
422 3451 533 3510 habeat
552 3451 642 3509 etiam
656 3452 755 3509 ventis
772 3451 1010 3523 quiescentibus.
1031 3467 1093 3509 non
1109 3450 1190 3508 enirn
1204 3449 1288 3508 atiter·

315 3534 455 3593 animalia
475 3535 566 3592 edere
586 3542 702 3608 posset.
730 3550 869 3593 muscum
885 3549 1008 3607 quoque
1023 3534 1141 3592 innasci
1156 3533 1246 3607 aquis
1260 3539 1289 3589 et

313 3616 447 3676 herbosa
463 3618 612 3690 quaedam
627 3617 766 3676 videmus
781 3633 899 3677 summo
912 3632 1017 3676 earum
1032 3617 1207 3677 innatantia.
1235 3614 1289 3673 Est

315 3713 389 3773 ergo
405 3699 521 3774 aliquid
535 3699 565 3758 in
581 3715 662 3773 aqua
675 3699 774 3759 vitate.
