2942 4384
266 462 308 526 60
544 463 577 522 L.
596 462 744 523 ANNAEI
764 462 939 525 SENECAE

267 618 372 679 invitet
392 632 450 675 nec
469 616 638 676 absterreat
657 617 769 675 damno
791 616 932 691 adeoque
953 617 1107 678 nerninem
1130 635 1186 695 spe
1203 633 1231 680 ao

267 701 483 775 pollicitatione
499 706 687 773 corrumpat,
704 707 736 759 ut
751 706 857 758 contra
868 698 1038 773 inpendere
1052 702 1080 760 in
1094 718 1131 762 se
1143 704 1231 764 iubeat
1269 714 1271 717 ’

266 793 295 844 et
312 784 438 857 saepius
454 784 484 841 in
500 784 579 842 ultro
595 784 713 842 tributis
729 784 789 842 sit?
817 783 944 843 Calcatis
960 785 1141 846 utilitatibus
1156 788 1192 846 ad
1204 788 1231 846 il·

267 870 324 927 lam
341 868 473 927 eundum
488 875 549 936 est,
574 881 768 940 quocumque
784 864 917 936 vocavit,
940 884 1140 944 quocumque
1154 869 1231 942 misit,
1267 895 1274 918 r

266 952 332 1011 sine
346 957 490 1024 respectu
504 948 548 1007 rei
562 950 724 1009 familiaris.
757 950 907 1007 interdum
919 951 1008 1008 etiarn
1020 952 1089 1011 sine
1101 954 1163 1012 ulle
1173 969 1231 1013 san

265 1034 366 1108 guinis
389 1034 435 1093 sui
458 1032 645 1107 parsimonia
659 1033 834 1092 vadendum
850 1047 906 1091 nec
921 1050 1066 1108 umquam
1081 1034 1232 1111 Imperium

224 1119 331 1196 ,seius
360 1117 598 1176 detractandam.
644 1115 743 1188 „Quid
761 1132 957 1190 consequar,
986 1116 1100 1192 inquit,
1132 1119 1160 1180 si
1183 1119 1232 1180 hoc

266 1200 396 1272 sortiter,
419 1200 445 1258 si
466 1200 526 1258 hoc
542 1208 627 1273 grate
647 1199 796 1258 lecerot“
830 1199 918 1271 Quod
939 1201 1066 1260 leceris:
1095 1201 1171 1272 nihil
1189 1200 1232 1262 tibi

265 1292 352 1343 extra
368 1283 555 1357 promittitur.
592 1283 617 1341 si
633 1282 707 1355 quid
723 1283 800 1341 sorte
816 1283 975 1341 obvenerit
985 1286 1152 1359 commodi,
1166 1287 1233 1346 inter
1271 1309 1274 1316 ·

265 1368 463 1427 accessiones
489 1364 673 1425 numerabis.
711 1380 812 1425 rerum
835 1366 1033 1425 honestarum
1057 1368 1187 1440 pretium
1206 1369 1232 1428 io

265 1451 342 1525 ipsis
363 1458 419 1510 est.
457 1449 489 1508 Si
511 1449 673 1508 honestum
694 1464 750 1521 per
770 1464 804 1506 se
820 1450 1026 1522 expetendum
1042 1458 1106 1523 est,
1127 1451 1232 1512 bened·

266 1534 345 1593 cium
366 1541 466 1592 autem
487 1532 648 1591 honestum
663 1539 724 1603 est,
746 1548 806 1591 non
823 1540 924 1605 potest
939 1533 998 1592 alie
1012 1532 1080 1593 eius
1099 1533 1232 1595 condicio

265 1633 351 1690 esse,
377 1632 445 1676 curn
461 1616 568 1674 eadem
586 1622 692 1673 natura
708 1615 756 1673 sit.
793 1615 850 1674 Per
864 1631 899 1674 se
915 1624 1014 1676 autern
1033 1619 1233 1691 expetendum

265 1716 336 1759 esse
351 1700 513 1759 honesturn
528 1714 623 1773 saepe
638 1706 667 1757 et
684 1698 805 1758 abunde
820 1699 979 1773 probatum
995 1706 1052 1759 cst.

238 1796 252 1848 l
327 1783 362 1841 tl.
393 1784 432 1840 ln
461 1782 530 1841 hac
552 1788 662 1855 parte
683 1782 795 1841 nobis
819 1789 1026 1856 pugnaest
1049 1799 1132 1843 cum
1153 1784 1232 1859 Epi·

266 1881 466 1925 citreorum
496 1866 665 1925 dclicata
689 1873 726 1924 el
748 1865 960 1926 umbratica
979 1866 1092 1926 turba
1116 1868 1146 1927 in
1167 1883 1232 1929 con

268 1950 348 2009 virio
371 1965 427 2009 suo
451 1948 739 2024 philosophantium.
775 1951 874 2023 apud
897 1965 993 2023 quos
1021 1950 1150 2011 virtus
1172 1967 1231 2011 vo·

265 2034 454 2107 luptatum
483 2033 659 2091 ministra
684 2041 759 2092 est·
794 2032 853 2092 illis
875 2040 978 2108 paret,
1009 2032 1068 2093 illis
1094 2032 1231 2105 deseruit
1266 2075 1270 2080 -

236 2117 330 2180 bullas
348 2134 441 2191 supra
455 2117 596 2176 setrdet
633 2116 783 2187 Non
735 2123 783 2175 es
789 2115 927 2191 ‚inquis,
945 2117 1126 2189 voluptas
1101 2133 1231 2176 stneur
1272 2131 1275 2200 j

265 2207 358 2260 tutef‘
397 2199 460 2258 Sed
482 2214 577 2273 quare
600 2199 827 2258 antevirtutern
848 2207 916 2258 est?
948 2201 993 2259 De
1014 2200 1124 2259 ordine
1148 2209 1274 2275 putas
1271 2215 1275 2242 ²

265 2283 387 2355 disputa
370 2283 499 2341 ationem
516 2288 608 2340 esset
631 2282 669 2341 de
684 2298 717 2339 re
735 2290 797 2342 tota
808 2289 838 2340 et
850 2283 888 2341 de
901 2289 1052 2357 potestate
1063 2298 1132 2342 etus
1143 2283 1230 2342 ambr
1271 2273 1275 2358 l

264 2366 351 2438 gitur.
391 2382 451 2423 non
480 2371 527 2423 est
553 2364 663 2437 virtuS,
692 2365 718 2425 si
729 2366 828 2461 'sequi
849 2373 959 2439 potest.
997 2365 1113 2439 primae
1135 2374 1232 2441 partes

265 2447 331 2507 eius
353 2456 437 2507 sunt·
412 2448 581 2507 tduoere
602 2410 706 2521 deb'et,
727 2449 892 2524 imperare,
916 2465 1033 2508 sunnno
1054 2450 1231 2509 loeostare·

235 2534 293 2589 3tu
310 2532 388 2589 rllarn
404 2530 626 2604 rubess10num
643 2539 756 2605 petere
791 2532 904 2605 „Quid
926 2531 1038 2607 inquit,
1055 2538 1108 2591 tua
1121 2533 1231 2592 relertt
1272 2519 1274 2598 ἶ

264 2622 370 2689 elego
392 2615 458 2674 sine
480 2615 589 2675 virtute
611 2630 689 2687 nego
712 2615 831 2674 beatam
851 2615 943 2674 vitam
959 2627 1060 2690 posse
1081 2622 1230 2676 constare

263 2699 363 2772 ipsam
377 2701 563 2773 voluptatem
581 2714 671 2772 quarn
688 2714 817 2772 sequor,
840 2697 889 2758 cui
904 2714 951 2756 me
967 2698 1231 2772 emancipavi‚re·

262 2791 345 2841 mota
368 2783 419 2840 illa
443 2782 572 2854 inprobo
595 2788 624 2839 et
645 2782 788 2841 damno.“
821 2784 866 2842 De
891 2783 950 2841 hoo
970 2796 1031 2840 uno
1052 2781 1230 2856 disputatur,

262 2871 361 2923 utrum
384 2864 480 2922 virtus
500 2863 609 2921 summi
626 2863 699 2921 boni
716 2880 809 2924 causo
825 2866 864 2924 sit
878 2881 916 2923 an
931 2865 1000 2939 ipse
1013 2879 1165 2925 summum
1181 2866 1231 2924 bo·

263 2961 344 3003 nurn.
378 2946 418 3005 Ut
432 2946 490 3004 hoc
507 2962 597 3004 unum
614 2955 791 3021 quaeratur,
815 2946 931 3007 ordinis
947 2953 1059 3007 lantum
1076 2948 1231 3008 existimas
1272 2951 1274 3018 l

263 3030 479 3088 nnitationemt
500 3029 560 3088 ista
574 3045 646 3089 vero
663 3031 804 3090 conlusio
820 3039 868 3091 est
883 3038 913 3090 et
926 3030 1087 3090 manifesta
1102 3031 1232 3091 caecitas
1272 3027 1274 3054 ³

234 3112 367 3185 lprimis
381 3119 534 3186 postrema
548 3114 711 3187 praeferre.
744 3116 809 3173 Non
823 3113 979 3187 indignor,
1000 3113 1083 3187 quod
1096 3122 1170 3188 post
1182 3129 1232 3174 vo·
1264 3135 1274 3194 j

262 3196 405 3270 luptatenr
423 3194 543 3269 ponitur
558 3196 667 3268 vlrtuS,
688 3197 744 3256 sed
761 3197 844 3271 quod
860 3199 981 3256 omnino
997 3213 1066 3256 cum
1077 3198 1232 3271 voluptate
1271 3195 1274 3208 ¹

262 3282 433 3340 conteratur
448 3280 648 3354 contemptrix
664 3279 730 3340 eius
746 3287 775 3338 et
790 3280 888 3340 hostis
904 3288 933 3340 et
944 3278 1124 3353 longissime
1133 3281 1173 3340 ab
1184 3280 1232 3340 illa

261 3363 417 3435 resiliens,
434 3364 529 3422 labori
545 3380 581 3422 ac
596 3363 694 3425 dolori
710 3364 899 3439 familiarior,
916 3363 1051 3423 virilibus
1065 3363 1231 3424 incommo-

262 3446 325 3519 dis,
349 3460 439 3519 quam
455 3444 505 3504 isti
520 3446 692 3506 effeminato
708 3447 801 3506 bono

233 3539 249 3591 1
318 3492 371 3588 ’ltl
399 3528 565 3589 Inserenda
580 3529 671 3603 haec
695 3547 734 3589 nn
750 3529 913 3602 Liberalis
935 3530 1071 3603 luerunt,
1095 3529 1230 3604 quiabe
1264 3585 1266 3590 .

261 3612 417 3682 aeficium,
446 3612 485 3670 de
507 3628 567 3684 quo
590 3628 671 3672 nunc
693 3614 805 3686 agitur,
836 3612 910 3670 dare
931 3613 1047 3673 virtutis
1063 3619 1157 3674 estet
1174 3621 1270 3682 ιιι,
1273 3643 1274 3648 1

262 3693 420 3769 pissimum
437 3694 466 3753 id
479 3710 572 3754 causa
583 3696 673 3757 ullius
686 3694 810 3758 alterius
821 3711 865 3754 rer
858 3695 966 3771 dare,
983 3712 1073 3772 quam
1085 3704 1118 3759 ιιι
1130 3696 1229 3758 datum
1257 3725 1275 3770 μ,
