2942 4384
326 444 389 508 aab
623 445 657 504 L.
678 440 825 507 ANNAEI
847 445 1022 507 SENECAE

326 602 441 657 notas
457 603 517 657 est=
537 595 647 655 deinde
661 604 794 666 nolus,
816 596 907 656 latine
921 601 1064 657 auster.
1088 595 1202 659 deinde
1222 601 1296 662 lcu—

327 688 509 753 conotus,
533 680 585 753 qui
600 680 683 753 apud
698 696 756 739 nos
772 679 838 739 sine
853 680 974 739 nornine
988 688 1045 739 est.

299 772 313 822 t
388 763 481 823 XVll.
513 763 642 822 Placet
668 770 768 821 autem
797 763 1002 821 duodecim
1027 769 1167 823 ventos
1193 780 1298 837 esse,

326 862 388 906 non
407 846 478 920 quia
494 846 608 918 ubique
623 851 666 905 tot
681 846 755 919 sint,
778 847 929 919 quosdam
944 845 1023 904 enim
1037 847 1192 906 inclinatio
1208 858 1298 908 terra·

325 946 391 988 rum
408 928 555 1000 excludit,
579 928 635 989 sed
651 929 830 1002 quoniam
849 944 1038 1001 nusquam
1054 931 1186 1003 piures
1204 938 1298 991 sunt

326 1012 371 1072 sic
392 1028 483 1071 casus
506 1027 562 1069 sex
583 1009 728 1084 dicimus,
751 1028 812 1070 non
828 1011 899 1085 quia
914 1027 1004 1070 omne
1020 1028 1130 1071 nomen
1146 1029 1205 1073 sex
1225 1014 1298 1074 reci·

296 1095 382 1168 apa,
410 1095 464 1153 sed
487 1094 692 1168 quianullum
715 1097 819 1169 plures
842 1110 932 1167 quam
953 1109 1027 1151 sex..
1058 1094 1114 1167 Qui
1137 1096 1297 1159 duodecim

325 1184 433 1236 ventos
456 1192 527 1235 esse
548 1176 703 1250 dixerunt,
726 1178 787 1237 hoc
807 1177 904 1236 secuti
919 1183 1003 1250 sunt,
1024 1178 1187 1238 totidem
1211 1196 1297 1239 ven·

325 1267 386 1320 tos
406 1276 493 1320 esse
516 1268 609 1334 quot
631 1261 732 1320 coeli
753 1259 992 1319 discrimina.
1024 1261 1141 1320 eoelum
1160 1262 1241 1321 enirn
1257 1264 1299 1321 di-

324 1343 436 1403 viditur
449 1344 479 1401 in
495 1344 626 1402 circulos
642 1344 792 1418 quinque,
812 1343 864 1416 qui
877 1359 931 1417 per
942 1344 1045 1403 mundi
1058 1345 1200 1405 cardines
1212 1354 1298 1405 eunt:

325 1433 373 1486 est
386 1425 656 1501 septemtrionalis,
672 1433 720 1485 est
735 1426 982 1500 aequinoctialis,
1000 1434 1047 1485 est
1059 1426 1238 1502 solstitialis,
1254 1435 1300 1488 est

324 1509 484 1582 brumalis,
507 1517 554 1569 est
569 1510 739 1569 contrarius
754 1508 1003 1582 septemtrionali.
1025 1509 1196 1571 bissextus
1212 1527 1298 1571 acce

325 1592 382 1665 dit,
406 1592 458 1666 qui
478 1592 669 1666 superiorem
688 1600 806 1666 partem
821 1592 924 1650 mundi
940 1591 978 1651 ab
992 1590 1136 1652 interiore
1151 1596 1297 1653 secernit:

323 1678 356 1733 ut
371 1676 432 1734 scis
447 1676 542 1745 enim,
563 1676 687 1734 dimidia
703 1691 775 1751 pars
790 1675 895 1734 mundi
910 1691 1032 1748 semper
1046 1691 1156 1751 supra,
1175 1676 1299 1736 dimidia

297 1758 403 1816 3inlra
417 1762 473 1815 est.
509 1758 596 1816 Hane
609 1758 735 1830 lineam,
760 1773 839 1831 quae
854 1758 930 1816 inter
944 1765 1048 1832 aperte
1064 1767 1095 1818 et
1109 1761 1230 1819 occulta
1243 1767 1298 1831 est,

323 1839 355 1899 id
376 1847 422 1899 est
442 1840 522 1899 hunc
540 1838 684 1899 circulum
701 1840 809 1899 Graeci
828 1841 1035 1900 horizonta
1055 1850 1182 1914 vocant,
1203 1844 1298 1903 nostri

324 1922 519 1982 finitorem
545 1923 703 1995 dixerunt,
724 1924 774 1982 alii
796 1922 1008 1983 linientem.
1044 1923 1236 1985 Adiciendus
1253 1934 1299 1985 est

324 2006 423 2065 adhuc
445 2005 630 2065 meridianus
652 2007 798 2079 circulata,
820 2007 872 2080 qui
893 2005 1051 2065 horizonta
1070 2007 1298 2082 rectisangulis

323 2095 416 2149 secat.
445 2089 499 2147 Ex
519 2088 567 2148 his
590 2088 713 2163 quidam
735 2088 840 2148 circuli
863 2090 894 2148 in
918 2096 1095 2149 transversa
1119 2098 1246 2151 currunt
1270 2097 1299 2149 et

322 2173 400 2232 alios
415 2173 585 2232 interventu
600 2189 657 2232 suo
674 2170 825 2232 scindunt.
847 2187 977 2232 necesse
990 2181 1038 2232 est
1049 2179 1149 2233 autem
1160 2182 1206 2234 tot
1218 2174 1297 2233 aeris

294 2251 498 2314 4discrimina
517 2270 589 2313 esse
610 2262 684 2329 quot
705 2263 818 2330 partes.
860 2256 941 2330 Ergo
963 2255 1089 2316 horizon
1106 2256 1172 2316 sive
1187 2256 1297 2316 liniens

322 2338 454 2397 circulus
471 2338 606 2411 quinque
622 2339 690 2397 illos
706 2338 812 2411 orbes,
831 2354 911 2413 quos
928 2340 1018 2398 modo
1034 2340 1096 2398 dixi
1112 2338 1195 2412 lieri,
1211 2347 1296 2400 secat

322 2427 353 2479 et
367 2418 459 2479 elficit
474 2420 581 2478 decem
596 2429 713 2494 partes,
736 2422 870 2495 quinque
886 2422 924 2481 ab
943 2430 1024 2494 ortu,
1046 2422 1182 2496 quinque
1194 2423 1234 2482 ab
1246 2438 1296 2484 oc-

323 2519 408 2562 casu.
428 2501 613 2562 meridianus
635 2503 781 2579 circulus,
805 2504 857 2579 qui
871 2504 901 2563 ln
917 2504 1076 2565 horizonta
1089 2504 1230 2579 incurrit,
1250 2522 1296 2565 re-

322 2587 431 2661 giones
452 2586 529 2646 duas
550 2586 653 2646 adicit=
681 2586 726 2647 sic
747 2585 911 2646 duodecim
924 2604 978 2647 aer
993 2585 1170 2647 discrimina
1185 2588 1297 2663 accipit

295 2672 352 2729 aet
371 2670 496 2731 totidem
519 2669 723 2731 lacitventos.
760 2670 915 2743 Quidam
935 2677 1025 2730 sunt
1046 2672 1295 2745 quorumdam

322 2754 495 2812 locorum
519 2754 685 2827 proprii,
708 2754 759 2828 qui
775 2768 834 2813 non
850 2756 1067 2827 transmittunt,
1083 2754 1180 2826 sedin
1195 2754 1295 2828 proxi·

321 2852 404 2894 mum
418 2837 527 2895 lerunt.
549 2852 610 2894 non
625 2843 673 2895 est
687 2836 745 2895 illis
760 2853 778 2895 a
791 2839 886 2895 latere
897 2838 1031 2896 universi
1044 2837 1148 2897 mundi
1159 2837 1294 2911 inpetus:

321 2918 472 2997 Atabulus
494 2918 635 2991 Apuliam
659 2918 797 2991 infestat,
826 2920 994 2979 Calabriam
1017 2920 1131 2996 iapyx,
1157 2919 1294 2980 Athenas

323 2998 446 3072 Sciron,
467 2999 675 3076 Pamphyliam
697 3002 846 3075 Cataepis,
868 3003 994 3062 Galliam
1015 3004 1146 3062 Circius=
1175 3004 1226 3063 cui
1246 3018 1293 3063 ae

323 3083 425 3142 dificia
446 3083 604 3157 quassanti
625 3092 724 3143 tamen
746 3086 866 3145 incolae
885 3088 998 3159 gratias
1015 3093 1121 3159 agunt,
1140 3092 1295 3160 tamquam

322 3164 528 3227 salubritatem
549 3167 626 3225 coeli
647 3168 694 3226 sni
715 3169 847 3227 debeant
867 3170 904 3227 ei.
932 3169 1022 3228 divus
1040 3176 1122 3228 certe
1135 3170 1294 3242 Augustus

321 3252 467 3324 templum
486 3250 542 3322 llll,
571 3266 640 3311 cum
661 3252 689 3309 in
712 3252 809 3310 Gallia
829 3260 1006 3325 moraretur,
1026 3259 1055 3311 ct
1070 3250 1155 3311 vovit
1168 3259 1200 3311 et
1215 3251 1294 3312 lecit

232 3347 238 3358 ·
307 3328 471 3393 'Infinitum
486 3340 547 3405 est,
567 3334 593 3393 si
608 3336 747 3409 singulos
760 3334 847 3393 velim
862 3335 1016 3409 persequi.
1038 3336 1120 3394 nulla
1132 3335 1213 3393 enim
1225 3351 1294 3409 pro-

321 3417 486 3491 pemodum
506 3416 590 3490 regio
608 3425 668 3488 est,
693 3434 773 3491 quae
788 3434 849 3477 non
864 3417 975 3478 habeat
988 3418 1120 3493 aliquem
1136 3416 1241 3477 flatum
1256 3433 1295 3477 ex

322 3508 545 3559 senescentem
561 3507 591 3559 et
606 3502 686 3559 circa
700 3516 734 3559 se
751 3502 920 3560 cadentem.

295 3591 309 3642 1
382 3583 488 3642 XVlll.
511 3584 614 3642 lnter
635 3591 766 3642 cetera
787 3586 889 3658 itaque
907 3582 1181 3658 providentiae
1203 3598 1294 3657 upe-

321 3682 362 3724 ra
383 3666 456 3727 hoc
478 3682 631 3741 quoque
652 3668 800 3743 aliquis
826 3675 866 3730 ut
886 3668 1040 3743 dignum
1067 3667 1294 3729 admiratio·
