2942 4384
265 436 285 498 8
550 438 583 495 L.
604 436 749 496 ANNAEI
773 437 947 499 SENECAE

234 616 249 667 1
328 588 394 647 Vll.
417 584 449 646 Si
464 587 613 646 beneficia
630 584 659 645 in
674 588 784 659 rebus,
806 604 866 647 non
888 588 917 645 iu
933 589 1002 662 ipsa
1021 588 1223 649 benefaciendi
1247 595 1270 662 j

266 674 420 732 voluntate
442 670 657 742 consisterent,
683 686 720 729 eo
745 671 861 729 maiora
885 679 1003 744 essent,
1034 679 1096 747 quo
1118 675 1224 736 maiora

266 764 352 828 sunt,
369 770 446 827 quae
457 754 631 827 accipimus.
652 752 680 812 id
695 760 793 811 autem
806 754 917 813 falsum
927 761 989 825 esta
1005 770 1223 829 nonnumquam

267 838 346 898 enim
365 838 461 911 magis
482 852 540 895 nos
565 836 677 909 obIIgat
698 836 749 909 qui
770 836 854 894 dedit
868 853 963 910 parva
982 838 1159 911 magnifice,
1182 836 1225 913 qui

265 937 387 994 „repom
399 922 536 993 aequavit
546 935 615 993 opes
629 920 754 991 animo‘t
777 919 829 991 qui
844 920 986 993 exiguum
1001 920 1103 979 tribuit
1123 922 1180 981 sed
1197 922 1225 979 li·

265 1005 386 1077 benten,
408 1002 459 1075 qui
474 1002 659 1075 paupertatis
675 1017 751 1060 suae
772 1000 884 1060 oblitus
905 1010 952 1062 cst
973 1002 1045 1061 dum
1066 1019 1165 1062 meam
1185 1018 1226 1062 re

266 1086 369 1159 spicit,
393 1085 443 1158 qui
465 1101 526 1144 non
546 1086 730 1143 voluntatem
754 1091 866 1142 tantum
887 1085 1011 1143 lavandi
1031 1085 1152 1158 habuit,
1178 1086 1227 1145 sed

267 1168 476 1242 cupiditatem,
499 1167 549 1241 qni
565 1167 704 1240 accipere
720 1182 755 1225 se
772 1167 887 1240 putavit
901 1167 1082 1226 beneficium
1098 1184 1167 1227 cum
1181 1166 1243 1227 da-'
1261 1221 1263 1226 .

265 1260 324 1324 ret,
341 1250 392 1324 qui
408 1249 490 1308 dedit
504 1257 657 1322 tamquam
672 1258 866 1321 recepturus,
881 1250 1162 1324 recepittamquam
1174 1267 1243 1331 noo„

266 1334 417 1405 dedisset,
440 1334 491 1405 qui
507 1331 700 1391 occasionem
716 1348 776 1404 qua
791 1333 954 1405 prodesset
974 1338 1004 1391 ct
1024 1334 1189 1406 occupavit
1203 1339 1230 1392 ct

233 1430 251 1482 2
267 1418 425 1491 quaesivit.
457 1417 565 1475 Contra
580 1416 697 1488 Ingrata
712 1422 794 1487 sunt,
810 1420 842 1473 ut
854 1416 931 1488 dial,
949 1416 1019 1475 licet
1033 1432 1066 1473 re
1081 1432 1117 1474 ac
1130 1418 1230 1491 specie

265 1517 376 1573 magna
392 1499 562 1571 videantur,
586 1514 664 1572 quae
680 1496 763 1555 danti
783 1505 834 1556 aut
854 1504 1072 1571 extorquentur
1087 1507 1140 1558 aul
1154 1500 1230 1559 exci-

267 1584 356 1655 dunt,
370 1583 526 1656 multoque
541 1582 655 1655 gradus
672 1579 769 1653 venit,
785 1582 867 1653 quod
882 1581 961 1639 sacili
974 1598 1064 1655 quam
1075 1583 1157 1654 quod
1170 1583 1230 1657 ple
1269 1609 1270 1614 ¹

138 1744 139 1747 Ἴ
235 1676 306 1730 ana
321 1682 411 1723 manu
426 1665 522 1724 datur.
551 1664 699 1738 Exiguum
721 1664 872 1736 estquod
894 1666 993 1722 inme
1015 1665 1155 1723 contulit:
1178 1664 1231 1725 sed
1269 1711 1270 1720 ,

267 1748 397 1822 amplius
412 1763 472 1805 non
489 1747 593 1821 potuit.
627 1748 669 1805 At
681 1746 730 1804 hic
745 1740 827 1819 quod
842 1747 926 1805 dedit
939 1762 1079 1820 magnum
1094 1754 1158 1806 cst:
1178 1747 1232 1807 scd

269 1831 429 1900 dubitavit,
453 1831 508 1888 sed
524 1829 652 1903 distulit,
674 1830 729 1888 sed
747 1845 815 1887 cum
836 1830 935 1902 daret,
956 1831 1083 1902 gemuit,
1109 1831 1166 1888 sed
1184 1847 1230 1889 su-

269 1913 363 1988 perbe
381 1913 478 1985 dedit,
501 1914 556 1971 sed
579 1911 758 1971 circumtulit
771 1919 801 1971 et
821 1914 943 1985 placere
960 1928 1021 1971 non
1036 1914 1063 1970 ei
1083 1912 1132 1971 cui
1146 1928 1232 1988 prae·

269 1998 368 2056 stabat
383 1997 485 2056 voluit.
522 1995 676 2055 ambitioni
691 1996 789 2065 dedit,
812 2012 874 2053 non
888 1995 970 2054 mihi.

241 2095 256 2145 1
326 2080 404 2139 VIII.
429 2079 548 2139 Socrati
563 2095 631 2138 cum
646 2081 737 2137 multa
752 2078 858 2149 [multi]
874 2094 930 2151 pro
949 2080 1014 2137 suis
1037 2079 1170 2153 quisque
1190 2080 1233 2137 ia-

269 2164 428 2223 cultalibus
450 2162 608 2234 offerrent,
632 2159 818 2230 Aeschines,
845 2175 962 2234 pauper
982 2162 1117 2220 auditor:
1150 2164 1233 2235 nidd,

267 2245 379 2320 iuquit,
399 2247 520 2319 dignum
540 2250 580 2317 tc,
600 2245 680 2316 quod
698 2244 774 2301 dure
794 2243 980 2317 tibipossr'm,
1003 2248 1118 2304 invenio
1137 2253 1167 2304 et
1180 2248 1234 2305 hoc

268 2345 326 2388 uno
340 2329 424 2387 modo
436 2343 600 2401 pauperem
617 2342 662 2385 mc
678 2342 740 2384 esse
756 2328 867 2384 sentio?
885 2328 984 2400 itaque
997 2330 1072 2387 dono
1091 2330 1144 2387 tibi
1158 2330 1237 2401 quod

269 2428 359 2470 unum
370 2412 477 2482 babeo,
497 2426 543 2469 mc
556 2412 661 2483 aprum.
690 2410 745 2467 doc
764 2425 869 2467 munus
889 2427 961 2483 rope
973 2416 1176 2484 qualecunque
1194 2419 1237 2471 cst

269 2496 336 2553 boot
355 2496 492 2553 consulas
511 2496 673 2566 cogitesque
696 2495 785 2562 altos,
813 2509 879 2551 cum
903 2498 1023 2552 multum
1048 2496 1099 2552 tide·
1118 2496 1235 2565 durent,

202 2631 204 2634 ,
241 2590 258 2641 2
265 2578 402 2653 plussibi
410 2579 571 2650 reliquisse.
598 2576 649 2634 Cui
665 2575 823 2634 Socrates:
843 2578 948 2649 quidni
957 2583 1003 2648 tu,
1022 2575 1127 2649 Inquit,
1142 2578 1236 2652 [milit]

269 2676 408 2733 mappam
416 2676 523 2720 munus
536 2660 667 2733 dederis,
682 2661 741 2719 nist
749 2657 830 2731 forte
845 2666 871 2720 te
884 2675 981 2733 porco
998 2658 1158 2720 aestimas?
1175 2662 1237 2719 Ita-

269 2746 339 2804 bebo
355 2746 454 2818 traque
468 2760 575 2814 carcre,
597 2749 631 2802 ut
652 2749 678 2803 te
693 2746 841 2803 meliorem
862 2744 914 2802 tibi
927 2744 1055 2802 reddam
1072 2760 1161 2815 quum
1179 2761 1237 2804 ac-

269 2831 343 2901 cepi.
377 2826 458 2883 Vicit
471 2826 642 2883 Aescldnes
657 2826 716 2883 hoc
737 2838 861 2882 munere
875 2825 1043 2883 Alcibiadis
1066 2842 1171 2898 parem
1192 2827 1237 2886 di-

270 2907 350 2967 vitiis
371 2908 501 2965 culmum
522 2913 551 2965 et
571 2921 690 2966 omnem
714 2906 857 2965 iuvenum
883 2908 1092 2981 opulentorum
1117 2909 1238 2969 munili-

271 2990 408 3051 centiam.
560 3000 562 3004 ·

239 3091 254 3142 1
331 3074 380 3133 IX.
400 3070 497 3131 Vides
513 3073 667 3147 quomodo
683 3072 801 3133 culmus
822 3071 955 3132 inveniat
971 3072 1154 3133 llberalitatis
1175 3090 1238 3133 ma·

271 3153 376 3217 teriam
392 3157 480 3215 etiam
496 3156 573 3215 inter
588 3158 764 3230 angustias?
785 3156 913 3216 Videtur
928 3157 999 3215 mihi
1015 3157 1146 3216 dixisse=
1172 3158 1238 3231 „ni-

271 3241 312 3299 hil
328 3241 415 3314 egisti
430 3240 563 3312 fortuna,
586 3241 668 3315 quod
684 3255 731 3297 me
747 3256 913 3314 pauperem
934 3256 1005 3299 esse
1020 3240 1157 3300 voluisti:
1185 3257 1238 3300 ex·

271 3325 393 3399 pediam
409 3323 603 3383 nibilomInus
619 3325 741 3397 dignum
758 3324 827 3383 huic
842 3324 908 3382 vlro
924 3339 1032 3382 munus
1049 3331 1093 3395 et,
1113 3323 1239 3398 quiade

271 3415 323 3467 tuo
338 3424 399 3467 non
417 3422 557 3480 possum,
577 3408 615 3465 de
630 3423 698 3465 meo
715 3408 826 3466 dabo.“
853 3406 959 3479 Neque
974 3407 1120 3480 estquod
1135 3407 1240 3467 existi·

271 3507 336 3549 mes
351 3492 432 3549 illum
446 3487 535 3548 vilem
553 3489 610 3547 sibi
629 3490 740 3549 fulsse=
764 3490 893 3563 pretium
914 3504 949 3547 se
970 3490 1018 3547 sui
1041 3489 1119 3547 lecit.
1156 3490 1238 3563 iuge·

272 3573 379 3633 nlosus
395 3573 577 3631 adulescens
596 3572 722 3644 Invenit,
740 3572 995 3646 quemadmodum
1006 3572 1163 3631 Socratem
1181 3572 1239 3635 sibi

241 3653 395 3715 adcret*
423 3656 489 3716 Non
511 3661 624 3731 quanta
638 3671 779 3731 quaeque
801 3654 875 3729 sint,
898 3655 955 3713 sed
974 3671 994 3715 a
1013 3655 1119 3729 quali
1142 3656 1239 3728 [den-
