2942 4384
306 505 314 521 ,
373 500 513 562 aurun.
530 499 691 575 punusr.
713 500 850 561 amvi.
871 508 1004 565 u-m
1114 502 1175 564 aas

265 652 369 715 XXIX.
396 654 482 713 Nam
504 653 604 728 quod
626 652 777 726 aliquot
796 652 947 713 insanis
969 653 1202 723 adtonitis-1

205 754 280 814 que
302 736 452 797 similes
473 736 708 809 discurrere,
737 738 830 796 lecit
851 744 988 809 metus,
1017 736 1069 811 qui
1084 754 1175 797 excu—

205 824 240 883 tit
252 828 384 889 mentes,
412 820 465 879 ubi
486 819 621 893 privatus
637 834 672 877 ac
687 819 826 878 modicus
840 826 897 879 εει.
922 820 972 893 qul
989 820 1040 879 ubi
1057 821 1177 894 publice

204 912 310 976 terret,
332 902 384 962 ubi
400 903 511 961 cadunt
527 902 633 973 urbeS,
656 902 763 976 populi
774 903 995 976 opprimuntur,
1013 909 1092 962 terra
1104 920 1175 973 con-

204 987 323 1059 cutitur,
349 985 422 1060 quid
442 986 549 1043 mirum
571 992 619 1044 est
639 986 757 1043 animus
777 988 854 1044 inter
869 987 1004 1045 dolorem
1021 994 1051 1046 ει
1065 995 1177 1047 metum

204 1070 365 1130 destitutos
386 1070 571 1127 aberrasset
608 1067 675 1126 Non
694 1075 742 1127 est
762 1069 850 1126 lacile
871 1069 948 1127 inter
967 1084 1077 1142 magna
1097 1072 1202 1135 malea

203 1168 266 1213 ncn
281 1151 432 1225 desipere.
454 1152 557 1225 itaque
572 1150 726 1210 levissima
741 1152 804 1210 lere
819 1152 940 1224 ingenia
954 1151 984 1210 in
999 1160 1111 1211 lantum
1123 1169 1173 1211 ve·

203 1250 278 1295 nere
298 1232 481 1306 lormidInis,
503 1240 536 1291 ut
557 1233 615 1292 sibi
636 1235 821 1293 exciderent.
857 1234 951 1294 Nemo
968 1235 1088 1307 quidem
1109 1236 1176 1295 sine

202 1320 307 1391 aliqua
337 1315 452 1375 iectura
482 1316 619 1375 sanitatis
651 1316 776 1390 expavit
799 1317 966 1390 similisque
992 1324 1040 1376 est
1067 1319 1176 1377 furenti

203 1402 345 1476 quisquis
360 1400 468 1459 limuit=
489 1400 545 1459 sed
561 1400 636 1459 alios
652 1400 710 1458 cito
728 1400 815 1458 timor
831 1399 889 1458 sibi
904 1401 1018 1472 reddit,
1034 1401 1111 1460 allos
1123 1418 1174 1461 ve·

202 1484 374 1544 hemenlius
387 1483 542 1557 perturbat
553 1489 583 1541 cl
595 1482 622 1539 in
637 1481 817 1541 dementiam
828 1484 980 1542 transfert.
1014 1484 1087 1541 lnde
1101 1484 1203 1550 intera

202 1567 285 1627 bella
300 1581 439 1625 erravere
456 1565 632 1642 lymphatici
647 1580 703 1623 nec
718 1582 849 1637 usquam
866 1568 953 1639 plura
968 1569 1108 1640 exempla
1124 1584 1174 1626 vc·

174 1666 179 1676 ·
202 1650 388 1711 ticinanlium
403 1648 556 1722 invenies
580 1665 671 1723 quarn
685 1649 736 1707 ubi
754 1648 883 1708 formido
897 1659 1013 1709 rnenles
1028 1650 1175 1724 religione

201 1734 298 1793 mixta
314 1730 473 1806 percussit.
515 1772 517 1776 .

265 1815 355 1874 XXX.
383 1814 551 1874 Statuam
572 1815 734 1874 divisam
759 1831 830 1874 non
854 1815 984 1890 miror,
1008 1816 1201 1882 cumdum-1

199 1899 258 1958 rim
274 1905 392 1958 montes
408 1914 425 1957 a
440 1898 591 1958 montibus
603 1899 775 1958 recessisse
785 1907 816 1957 cl
826 1900 926 1973 ipsum
937 1900 1090 1974 diruptum
1102 1915 1174 1960 esse
1224 1911 1228 1924 ·

200 1982 316 2043 ebirno
332 1984 441 2041 solum.
1173 1981 1175 1985 '

285 2066 370 2125 Haec
384 2070 450 2125 loce
463 2067 494 2125 ai
503 2065 651 2141 quendem
666 2072 695 2126 et
707 2074 790 2126 aesta
804 2070 939 2127 convolsa
952 2069 1043 2126 ruine

209 2170 211 2174 ⁴
286 2153 412 2219 (tentam
426 2154 493 2209 ceci
504 2153 665 2223 conatuque
679 2154 759 2210 ualet
771 2158 885 2210 mutare
902 2155 1042 2220 vetustas)

286 2232 445 2291 dissiluisse
455 2233 575 2305 ferunt,
597 2250 663 2293 cum
672 2238 811 2308 protinus
824 2242 950 2307 utraque
964 2238 1049 2293 tellus

285 2331 348 2373 aaa
358 2315 448 2387 soret.
492 2318 577 2376 Venit
588 2319 700 2390 tepenti
713 2321 859 2392 sipontus
873 2325 902 2377 et
915 2320 1019 2390 tepens

285 2397 460 2473 Hesperiam
475 2399 573 2460 Siculo
590 2404 667 2459 lctus
681 2402 806 2461 abscidit
819 2418 953 2473 aruaque
966 2408 995 2459 et
1008 2400 1095 2460 urbes

286 2496 413 2555 aequore
427 2484 563 2541 diductas
577 2491 701 2556 enpusto
714 2488 846 2543 interluit
859 2491 951 2543 aestu.

198 2562 300 2622 Vides
320 2571 398 2623 letas
416 2566 557 2639 regiones
573 2565 670 2625 esuis
686 2568 812 2627 sedibus
829 2567 932 2624 revelli
948 2573 977 2624 ει
991 2574 1074 2624 trans
1089 2580 1200 2633 marea

199 2645 315 2716 iecere,
339 2648 421 2721 quod
436 2647 465 2705 in
479 2649 610 2708 confinio
623 2650 729 2708 luerat.
753 2649 840 2707 vides
851 2657 880 2708 et
891 2648 1008 2707 urinum
1022 2640 1087 2706 fi'eri
1099 2664 1171 2721 gen-

199 2729 338 2801 tiumque
360 2730 535 2803 discidium,
559 2746 627 2789 curn
645 2748 716 2806 pars
740 2740 865 2791 naturae
887 2733 1004 2790 concita
1025 2737 1073 2789 εει
1088 2731 1126 2789 de
1140 2748 1172 2790 se

200 2817 230 2871 ει
250 2812 352 2884 aliquo
373 2829 471 2885 mare,
498 2815 612 2887 ignem,
640 2816 776 2889 spiritum
798 2814 926 2888 inpegit,
950 2814 1078 2888 quorum
1097 2814 1173 2872 mira

199 2900 232 2953 ul
247 2909 285 2952 ex
300 2901 362 2955 ιοιο
377 2897 425 2955 vis
441 2903 501 2955 est:
525 2899 663 2972 quamvis
680 2900 759 2957 enlm
775 2914 813 2955 ex
827 2904 911 2972 parte
923 2898 1051 2969 saeviat,
1068 2896 1172 2958 mundi

199 2986 300 3037 tamen
319 2978 431 3039 viribus
444 2982 550 3040 saevit.
587 2980 638 3039 Sic
650 2988 679 3039 ει
689 2982 854 3056 Hispanias
866 2998 883 3039 a
895 2988 1039 3041 contextu
1049 2981 1171 3040 Africae
1182 2992 1199 3045 3

200 3060 417 3135 mareeripuil.
440 3064 485 3121 sic
497 3063 640 3136 perhanc
652 3064 893 3136 inundationem,
910 3081 1000 3138 quam
1013 3071 1171 3138 poetarum

199 3143 322 3201 maximi
337 3145 502 3216 celebrant,
525 3146 562 3204 ab
577 3147 660 3205 ltalia
676 3147 900 3206 Sicilia'reiecta
912 3153 968 3205 est.
1005 3147 1170 3220 Aliquanto

198 3232 298 3284 aulem
312 3227 381 3299 plus
393 3228 514 3303 inpetus
527 3228 646 3301 habent,
663 3246 741 3304 qnae
754 3247 793 3289 ex
804 3230 906 3290 infimo
920 3228 1052 3288 veniunt.
1073 3228 1170 3286 acric-

198 3323 233 3366 ra
248 3307 329 3367 enirn
343 3317 427 3380 sunt,
445 3312 555 3385 quibus
571 3311 656 3371 nisus
672 3320 718 3371 est
735 3329 789 3386 per
800 3320 938 3387 angusta.
975 3312 1108 3384 Quantas
1120 3324 1200 3375 resa
1282 3350 1284 3354 ν

198 3390 229 3448 hi
244 3397 391 3452 terrerum
407 3402 553 3454 tremores
566 3411 718 3469 quamque
735 3397 808 3454 mira
823 3398 1000 3469 spectacula
1011 3394 1170 3467 ediderint,

197 3472 274 3533 setis
294 3475 405 3535 dictum
428 3486 489 3536 esl=
518 3494 571 3537 cur
591 3493 664 3549 ergo
686 3478 796 3553 aliquis
818 3479 931 3538 adhoc
949 3485 1064 3552 stupet,
1086 3478 1170 3551 quod

198 3571 253 3615 aes
268 3559 358 3617 unius
376 3567 494 3619 statuae
513 3569 552 3620 ne
570 3560 699 3619 solidum
717 3562 855 3635 quidem,
878 3562 935 3621 sed
950 3577 1118 3621 concavum
1133 3576 1170 3619 ac

196 3646 289 3699 tenue
304 3641 455 3715 diruptum
468 3650 523 3712 est,
540 3660 608 3703 cunr
622 3644 752 3703 tortasse
764 3643 795 3701 in
806 3645 880 3703 illud
891 3661 927 3704 se
939 3644 1065 3719 spiritus
1078 3660 1169 3718 quae-

196 3737 270 3783 rens
292 3726 393 3800 lugam
413 3726 589 3787 incluserit?
621 3727 698 3786 lllud
720 3743 794 3789 veru
811 3726 879 3801 quis
900 3730 1017 3787 nescit?
1039 3727 1169 3789 diductis
