2942 4384
268 453 308 517 14
385 539 391 548 N
556 454 589 513 E.
612 452 758 512 aunam
778 452 953 514 SEchAE

267 613 383 666 erecta
396 604 551 664 voluntate
566 603 692 677 incepit,
709 603 767 662 nisi
780 620 871 677 quarn
883 602 1022 664 virtutem
1033 605 1143 666 modus
1155 602 1218 674 lecit,
1258 629 1263 670 r

266 696 336 748 vcto
358 688 563 746 liberalitatem
583 687 732 760 nepotari.
768 686 850 745 Tunc
867 687 950 746 iuvat
967 690 1127 762 accepisse
1143 689 1218 747 bene·
1259 697 1263 753 t

266 770 368 830 licium
395 778 425 829 et
449 769 568 842 supinis
596 769 718 843 quidem
744 770 899 842 manibus,
926 770 978 829 ubi
1000 772 1073 829 illud
1098 772 1172 831 ratio
1189 768 1219 828 ad
1259 795 1263 834 t

265 856 375 926 dignos
392 853 544 927 perducit,
566 868 627 910 non
644 852 793 925 quolibet
811 868 902 911 casus
917 862 948 912 et
960 854 1077 913 consilii
1093 853 1219 929 indigens
1261 878 1263 933 p

264 938 385 1011 inpetus
406 936 515 994 differt.
549 936 633 1008 quod
653 941 807 993 ostentare
827 935 899 995 libet
919 943 949 995 ct
972 937 1140 996 inscribere
1164 935 1220 997 sibi.

235 1020 418 1081 4Bcnelicia
431 1026 464 1076 tu
478 1033 573 1076 vocas
590 1034 718 1091 quorum
733 1024 888 1078 auctorem
904 1020 989 1079 lateri
1003 1020 1119 1094 pudet?
1141 1028 1170 1080 at
1180 1020 1221 1080 illa

265 1108 378 1175 quanto
394 1102 526 1174 gratiora
541 1109 612 1160 sunt
624 1108 801 1173 quantoque
814 1099 845 1159 in
859 1110 974 1174 partem
985 1102 1158 1163 interiorem
1169 1102 1220 1161 ani·

245 1257 247 1261 ι
264 1184 303 1243 mi
319 1201 474 1258 nunquam
489 1184 606 1242 exitura
622 1183 826 1253 descendunt,
850 1199 917 1242 curn
933 1185 1084 1244 delectant
1098 1187 1222 1259 cogitan-

234 1274 323 1329 atem
343 1267 439 1340 magis
462 1283 480 1325 a
502 1282 562 1340 quo
585 1282 677 1340 quam
699 1265 772 1339 quid
793 1268 976 1341 acceperis?
1012 1268 1139 1341 Crispus
1160 1269 1223 1327 Pas·

263 1351 368 1409 sienus
380 1350 499 1409 solebat
511 1349 612 1408 dicere
625 1348 826 1422 quorumdam
839 1365 873 1407 sc
885 1349 1027 1409 iudicium
1039 1353 1129 1410 malie
1142 1366 1223 1425 quam

262 1433 451 1505 beneficium,
468 1432 669 1506 quorumdam
681 1431 862 1490 beneficium
873 1434 962 1491 malle
976 1450 1066 1507 quam
1077 1434 1224 1494 iudicium.

262 1523 291 1574 ct
307 1510 477 1575 subiciebat
493 1516 647 1589 exonmlm
676 1518 768 1586 mulo,
794 1515 908 1585 aiebat,
931 1518 994 1575 divi
1007 1517 1134 1589 Aupusti
1148 1518 1225 1578 iadi-

234 1602 354 1670 6cium,
381 1602 459 1660 molo
481 1599 601 1657 Claudii
618 1599 797 1669 heneficium.
839 1598 904 1671 Ego
926 1615 1000 1659 vero
1022 1600 1135 1660 nullius
1158 1607 1224 1674 puto

262 1682 466 1754 expetendum
477 1697 547 1739 csse
559 1679 750 1753 beneficium,
765 1679 851 1740 cuius
861 1682 919 1740 uile
931 1683 1141 1743 iudiciumest.
1158 1682 1225 1757 quid

262 1771 356 1837 ergo?
385 1780 445 1822 non
467 1771 531 1823 crat
552 1764 764 1837 accipiendum
784 1780 803 1822 a
824 1764 949 1827 Claudio
972 1766 1056 1837 quod
1082 1767 1226 1826 dabatur?

261 1854 339 1919 erat,
362 1846 418 1906 sed
440 1846 519 1906 sicut
533 1863 551 1905 a
566 1847 701 1919 lortuna,
725 1863 816 1921 quam
831 1848 927 1906 scires
943 1850 1042 1908 statim
1059 1866 1154 1923 posse
1170 1865 1225 1908 ma-

261 1931 318 1987 lam
340 1929 415 1988 lieri.
451 1930 528 2003 Quid
550 1930 609 1988 ista
628 1929 705 1988 inter
726 1946 761 1988 se
780 1930 881 1991 mixta.
895 1931 1078 1990 dividimus?
1106 1940 1227 1992 nonest

259 2012 457 2087 beneficium,
480 2015 527 2073 cni
549 2014 637 2073 deest
657 2028 729 2087 pars
746 2013 874 2087 optima,
897 2013 1000 2074 datum
1015 2031 1086 2074 csse
1103 2016 1226 2076 iudicio:

260 2097 394 2171 alioquin
412 2098 542 2171 pecunia
556 2097 679 2170 ingens,
703 2096 729 2155 si
745 2113 804 2156 non
821 2096 938 2156 ratione
952 2113 1010 2156 nec
1024 2107 1109 2159 recta
1125 2102 1226 2161 volun·

259 2188 319 2239 tate
340 2181 453 2241 donata
469 2189 530 2252 est,
555 2195 615 2238 non
631 2180 728 2252 magis
743 2179 925 2239 beneficium
940 2188 987 2240 cst
1002 2198 1093 2255 quam
1108 2182 1227 2242 thesau-

259 2279 321 2322 rus.
344 2266 437 2323 multa
452 2269 642 2337 suntautcm,
661 2277 741 2337 quac
752 2271 873 2337 oportet
883 2264 1025 2344 accipere
1037 2280 1095 2324 nec
1107 2266 1227 2326 debere.

546 2625 580 2708 l.
604 2625 744 2709 llllul
768 2626 939 2709 stultit

473 2779 523 2828 nn
551 2779 755 2830 nnnurrun
784 2779 1011 2830 Ercnnannu
1259 2739 1262 2816 l

366 2894 1117 2994 nunnunniolls
1259 2903 1262 2992 t

638 3058 772 3121 LIBER
799 3060 840 3124 ΙΙ.

677 3215 807 3227 ιι...-

229 3354 242 3402 ]
318 3339 340 3396 l.
365 3338 580 3413 Inspiciamus,
603 3339 750 3400 Liberalis
767 3340 899 3400 virorum
918 3340 1046 3415 optime,
1073 3341 1105 3399 id
1126 3342 1243 3416 quod'

256 3437 300 3479 ex
326 3420 448 3496 priori
469 3430 577 3495 parte
599 3423 724 3482 adhuc
753 3432 951 3498 superest,
983 3425 1226 3497 quemadmo-

256 3504 340 3562 dum
363 3504 526 3563 dandum
550 3506 601 3564 sit
623 3507 873 3581 beneficium,
896 3508 984 3567 cuius
1002 3507 1045 3565 rei
1060 3508 1226 3581 expeditis·
1259 3569 1262 3578 ,

256 3585 362 3644 simam
383 3587 490 3646 videor
510 3595 731 3648 monstraturus
752 3590 846 3648 viam:
875 3591 932 3649 sic
957 3591 1105 3663 demus,
1135 3606 1225 3663 quo·
1257 3589 1262 3596 '

256 3669 365 3728 modo
381 3670 568 3731 vellemus
583 3672 774 3746 accipere.
795 3680 882 3733 ante
898 3673 1222 3744 omnialibenter,
