2942 4384
318 456 360 521 62
622 460 655 524 L.
669 458 801 521 „Attum
824 450 1001 513 SENECAE

289 619 305 671 1
377 610 416 669 V.
445 607 548 681 „Non
571 606 751 667 datdeus
774 604 1002 663 beneficia.“
1038 604 1282 679 Unde-ergoista
1319 627 1329 666 ψ·

318 709 398 769 quae
420 693 589 766 possides?
617 690 791 763 quaedasl
823 703 902 761 quae
916 694 1034 760 negasl
1066 696 1282 761 quaeservest
1322 721 1329 732 ·

319 791 398 851 quae
412 776 517 848 rapis?
538 772 620 832 unde
636 773 712 830 haec
726 769 956 830 innumerabilia
967 772 1090 844 oculos,
1106 787 1214 844 aures,
1230 773 1281 831 ani·

317 876 397 918 mum
417 855 600 916 mulcentia?
634 856 716 914 unde
737 855 788 913 illa
810 869 933 927 quoque
959 855 1109 913 luxuriam
1137 854 1282 915 instruens

318 944 428 1015 copial
461 941 665 1015 nequeenim
690 937 1156 997 necessimtibustcntummodo
1179 939 1283 999 nostris
1321 938 1330 1014 ζ,

289 1024 472 1099 aprovisum
494 1030 569 1082 esta
592 1038 691 1096 usque
713 1023 743 1080 in
765 1020 890 1079 delicias
912 1036 1056 1079 amamur.
1089 1022 1147 1081 Tot
1167 1022 1283 1083 arbusta
1321 1057 1329 1096 :

318 1124 380 1167 non
395 1124 456 1166 uno
472 1107 562 1166 modo
579 1106 737 1180 frugifera,
761 1112 804 1163 tot
818 1104 931 1163 herbae
947 1106 1112 1175 salutares,
1136 1111 1181 1166 tot
1197 1108 1282 1166 varie
1322 1159 1329 1178 .,

318 1198 395 1250 tales
417 1191 553 1249 ciborum
575 1196 744 1263 pertulum
766 1204 876 1245 annum
893 1186 1044 1261 digestae,
1066 1195 1099 1246 ul
1114 1189 1203 1249 inerti
1219 1206 1283 1264 quc
1324 1243 1329 1261 ,

319 1290 379 1347 que
400 1272 522 1333 fortuita
545 1281 644 1332 terrae
671 1273 811 1331 alimenta
838 1270 1029 1343 praeberent.
1064 1272 1128 1330 lam
1152 1272 1285 1332 animalia
1325 1307 1329 1312 -

318 1357 417 1417 omnis
438 1357 574 1431 generis,
601 1356 660 1413 alia
680 1355 710 1412 in
732 1357 815 1413 sicco
837 1354 1015 1427 solidoque,
1044 1354 1104 1413 alia
1120 1355 1150 1413 in
1166 1355 1283 1415 humido

318 1441 489 1513 nascentia,
511 1440 570 1497 alia
586 1454 640 1512 per
656 1438 785 1497 sublime
800 1436 941 1508 dimIssa,
961 1443 994 1495 ut
1009 1438 1108 1497 omnis
1123 1454 1226 1498 rerum
1240 1454 1283 1496 na·

289 1524 402 1582 liturae
415 1539 485 1597 pars
498 1523 637 1581 tributum
649 1521 772 1594 aliquod
783 1520 872 1579 nobis
885 1522 1046 1579 conferret.
1066 1520 1207 1580 Flumina
1217 1523 1285 1580 haee

319 1606 541 1665 amoenissimis
563 1604 695 1664 flexibus
716 1620 842 1677 campos
865 1603 1030 1677 cingentia,
1052 1603 1103 1662 illa
1119 1606 1287 1678 praebitura

317 1693 349 1748 c'm
364 1689 545 1747 commercia
560 1688 639 1745 viam
654 1695 741 1746 vasto
756 1694 786 1746 et
800 1686 962 1759 navigabili
976 1702 1067 1745 cursu
1079 1688 1238 1761 vadentia,
1252 1702 1286 1745 ex

320 1772 430 1845 quibus
446 1771 596 1844 qlraedam
617 1770 704 1829 statis
723 1770 830 1829 diebus
850 1769 984 1828 mirabile
999 1770 1218 1831 incrementum
1233 1779 1285 1831 tm·

317 1853 407 1926 hunt,
430 1863 464 1914 ut
485 1853 569 1912 arida
590 1862 620 1913 et
642 1854 767 1912 lerventi
789 1854 926 1912 subiecta
941 1854 1027 1911 coelo
1045 1854 1115 1912 loca
1129 1854 1231 1913 subita
1245 1853 1285 1911 vis

318 1938 426 1995 aestivi
445 1938 587 1996 torrentis
607 1938 726 2010 inriget.
769 1936 846 2009 Quid
868 1936 1087 1996 medicatorum
1113 1936 1286 1997 torrentium

318 2028 436 2081 venae?
465 2022 538 2096 quid
559 2021 589 2080 iu
610 2021 686 2094 ipsis
701 2020 840 2080 litoribus
858 2035 1006 2093 aquarum
1021 2020 1183 2092 calentium
1198 2036 1285 2081 exun·
1318 2077 1320 2082 .

319 2104 425 2164 datio?
1326 2119 1329 2178 ς

569 2188 622 2260 Te,
643 2187 719 2248 Lari
732 2189 875 2259 maxime,
898 2193 995 2261 teque,
1323 2221 1329 2292 ἦ

419 2272 557 2344 flectebas
570 2278 600 2329 et
609 2271 733 2343 fremitu
747 2273 912 2342 adsurgens
926 2272 1047 2330 Benace
1060 2272 1188 2331 marimo.
1326 2295 1329 2348 ς

290 2357 305 2407 1
379 2353 432 2411 Vl.
461 2352 493 2411 Si
514 2369 612 2428 pauca
628 2354 696 2427 quis
711 2353 764 2411 tibi
782 2354 929 2413 donasset
943 2354 1064 2426 iugera:
1087 2354 1248 2428 accepisse
1261 2361 1287 2414 le

319 2433 438 2495 diceres
450 2436 645 2496 beneficium:
665 2437 802 2495 inmensa
813 2443 959 2495 terrarum
971 2438 1030 2497 late
1044 2438 1209 2510 patentium
1220 2453 1287 2511 spa·

317 2517 359 2577 tia
379 2534 474 2592 negas
497 2535 568 2578 esse
591 2518 791 2578 beneficium?
819 2518 850 2578 Si
867 2520 1026 2593 pecuniam
1041 2520 1094 2579 tibi
1110 2519 1221 2594 aliquis
1237 2521 1285 2579 do

318 2604 435 2662 naverit
449 2609 479 2662 et
493 2619 595 2663 arcam
610 2609 706 2675 tuam,
731 2603 875 2676 quoniam
889 2603 919 2661 id
935 2602 988 2662 tibi
1004 2619 1147 2677 maguum
1163 2603 1286 2674 videtur,

318 2684 492 2759 inpleverit,
520 2686 703 2745 beneficium
726 2686 866 2744 vocabis:
895 2693 939 2745 tot
959 2687 1078 2746 metalla
1093 2687 1225 2759 deludit,
1247 2692 1287 2746 tot

318 2767 443 2827 flumina
455 2770 554 2828 emisit
563 2777 651 2839 terra,
665 2784 858 2842 superquam
867 2769 1034 2828 decurrunt
1044 2770 1286 2830 solidumaurum

317 2850 467 2908 vehentia.
504 2852 636 2923 argenti,
660 2852 755 2923 aeris,
778 2852 848 2910 lerri
869 2853 989 2910 inmane
1010 2854 1132 2927 pondus
1149 2853 1285 2914 omnibus

318 2932 395 2991 locis
411 2932 567 3004 obrutum,
586 2933 672 2992 errius
688 2934 890 3007 investigandi
906 2934 958 2995 tibi
972 2936 1146 2995 facultatem
1161 2937 1244 2997 dedit
1254 2950 1286 2996 ac
1327 2929 1329 3012 j

319 3014 471 3073 latentium
487 3016 656 3075 divitiarum
671 3016 702 3074 in
718 3033 836 3075 summa
852 3026 931 3077 terra
946 3017 1034 3091 signa
1049 3019 1218 3093 disposuit:
1238 3035 1286 3078 ne
1326 3029 1329 3112 j

287 3102 371 3171 agas
392 3103 422 3157 te
437 3100 597 3173 accepisse
611 3099 815 3160 beneficium?
851 3100 883 3160 Si
898 3103 1007 3160 domus
1023 3102 1075 3161 tibi
1090 3103 1236 3175 donetur,
1259 3102 1286 3162 io
1327 3115 1329 3168 l

317 3197 378 3256 qua
394 3184 552 3241 nrarmoris
568 3182 682 3258 aliquid
696 3184 892 3258 resplendeat
906 3193 1060 3244 ellectum
1075 3185 1200 3246 nitidius
1215 3201 1285 3246 auro
1328 3189 1329 3194 ’

316 3273 367 3324 aut
388 3265 542 3326 coloribus
565 3282 720 3340 sparsum,
748 3284 809 3327 non
835 3269 989 3327 mediocre
1016 3284 1126 3328 munus
1148 3269 1287 3330 vocabis=

316 3348 424 3420 ingens
442 3350 494 3407 tibi
510 3349 694 3409 domicilium
716 3348 784 3409 sine
798 3351 860 3410 ullo
875 3352 1007 3410 incendii
1022 3360 1074 3412 aut
1086 3350 1194 3412 ruluae
1209 3360 1287 3412 metu

316 3430 439 3501 struxit,
462 3432 492 3489 in
515 3447 576 3504 quo
598 3432 685 3491 vides
701 3449 761 3491 non
780 3441 888 3492 tenues
904 3440 1023 3493 crustas
1038 3443 1068 3495 et
1080 3434 1150 3509 ipsa
1166 3451 1228 3509 qua
1243 3451 1286 3496 se-

317 3520 424 3572 cantur
443 3514 554 3572 lamina
571 3516 765 3587 graciliores,
786 3517 842 3575 sed
857 3517 988 3590 integras
1004 3518 1115 3591 lapidis
1130 3519 1287 3592 pretiosis-

317 3596 384 3654 simi
400 3596 511 3670 moles,
534 3598 590 3655 sed
605 3605 684 3657 totas
699 3600 803 3657 variae
818 3599 1041 3675 distinctaeque
1056 3603 1216 3677 materiae,
1239 3617 1286 3662 eu·

317 3676 364 3736 ius
384 3687 415 3739 tu
439 3681 564 3754 parvula
583 3682 679 3740 lrusta
699 3682 833 3754 miraris,
860 3690 972 3743 tectum
993 3700 1067 3743 vcro
1085 3686 1173 3745 aliter
1189 3692 1288 3759 nocte,
