2942 4384
413 436 465 497 bb
485 434 700 509 beneolens
720 435 794 494 LlB.
808 436 872 494 vlt.
896 445 921 495 1.
936 445 962 495 2.
1112 434 1174 500 135

198 592 267 651 siut.
290 604 346 647 cur
360 586 472 662 pariter
486 587 564 646 natis
579 587 641 646 lala
652 586 775 646 diversa
790 586 849 646 sint
860 587 1060 662 maximisque
1071 604 1171 649 rerum

197 671 308 747 spatiis
323 670 446 742 distent,
461 686 590 743 quorum
602 670 678 729 inter
690 678 775 729 ortus
787 668 939 728 minimum
951 669 1084 731 interest.
1105 672 1201 734 Nonii

197 758 324 816 multum
343 754 396 814 tibi
417 753 539 812 nocebit
561 751 724 824 transisse,
747 767 827 826 quae
848 768 905 812 nec
927 754 996 812 licet
1016 754 1094 812 scire
1110 770 1167 813 nec

198 839 336 913 prodest
364 836 500 895 involuta
513 836 626 895 veritas
641 836 668 894 in
685 837 746 895 alto
763 838 841 894 lotct.
865 852 922 894 nee
935 836 974 894 de
989 836 1172 910 malignitate

197 930 324 982 naturae
340 918 427 994 queri
441 934 622 992 possumuS,
647 918 717 992 quio
733 919 843 977 nullius
859 919 902 977 rei
917 918 1050 979 dillieilis
1066 920 1170 979 inven-

196 1005 237 1065 tio
259 1012 323 1073 est,
346 1002 405 1060 nisi
427 1002 515 1060 cuius
535 1000 584 1060 hic
603 1017 683 1060 unus
705 1000 846 1061 inventae
867 1003 989 1061 tructus
1004 1010 1065 1073 est,
1086 1002 1170 1061 inve-

197 1086 298 1147 nisse:
328 1084 475 1159 quioquid
497 1099 555 1143 nos
581 1084 722 1143 meliores
748 1085 918 1158 beatosque
943 1086 1088 1146 iacturum
1114 1092 1171 1159 est,

196 1178 247 1230 aut
268 1170 297 1228 iu
313 1175 419 1242 operto
440 1167 539 1227 autin
562 1167 701 1241 proximo
718 1168 829 1241 posuit.
865 1166 897 1226 Si
916 1169 1033 1227 animus
1050 1164 1198 1229 fortuita?

196 1250 395 1325 contempsit,
417 1251 443 1309 si
459 1266 494 1308 se
507 1266 602 1324 supro
616 1258 726 1308 metum
743 1251 864 1309 sustulit
878 1266 934 1308 nec
949 1251 1038 1308 avido
1054 1269 1110 1325 spo
1125 1252 1169 1311 iu-

195 1336 281 1395 linito
293 1333 508 1407 conplectitur,
530 1333 586 1391 sed
599 1333 704 1391 didicit
714 1350 732 1391 a
744 1348 779 1391 se
791 1340 893 1406 petere
904 1331 1035 1391 divilias.
1058 1335 1083 1393 si
1096 1334 1169 1395 deo·

194 1434 264 1478 rum
285 1415 502 1488 hominumque
522 1415 712 1474 formidinem
734 1414 822 1474 eiecit
843 1421 874 1474 et
894 1415 951 1473 soit
968 1431 1029 1474 non
1046 1418 1169 1475 mullum

194 1516 269 1561 esse
294 1498 334 1560 ab
353 1498 475 1558 homine
495 1497 675 1570 timendum,
702 1515 720 1556 a
740 1499 799 1557 deo
822 1497 903 1556 nibil.
930 1497 956 1555 si
981 1508 1171 1573 contemptor

195 1582 348 1653 omnium,
375 1581 486 1656 quibus
508 1588 665 1655 torquetur
686 1581 760 1652 vita,
789 1580 858 1639 dum
880 1589 1018 1652 ornatur,
1042 1598 1079 1640 eo
1103 1597 1169 1656 per-

195 1667 310 1726 ductus
331 1672 394 1737 eat,
417 1671 450 1724 ut
468 1663 510 1723 illi
530 1666 644 1739 liqueat
658 1672 785 1723 mortem
802 1665 913 1724 nullius
930 1665 998 1723 mali
1014 1665 1170 1725 materiam

195 1764 284 1821 esse,
307 1749 469 1807 multorum
489 1748 589 1806 linem.
606 1747 649 1812 ,si
670 1748 801 1807 animum
819 1747 919 1807 virtuti
936 1750 1128 1817 consecravit
1141 1754 1171 1808 et

196 1846 392 1906 quacumque
414 1837 504 1890 vocat
524 1831 590 1903 illa,
619 1831 742 1905 planum
763 1838 857 1905 putat.
888 1832 914 1890 si
930 1833 1045 1891 sociale
1060 1832 1170 1908 animal

195 1921 227 1974 el
240 1914 272 1973 in
286 1929 446 1974 commune
459 1914 578 1987 genitus
592 1915 737 1974 mundum
754 1923 787 1974 ut
801 1930 889 1972 unam
902 1916 1035 1974 omnium
1047 1917 1170 1974 domum

195 2004 326 2072 spectat,
341 2004 371 2056 et
381 1992 598 2057 conscientiam
610 2013 696 2057 suoru
709 1997 757 2056 dis
770 1998 889 2072 aperuit
900 2013 1083 2071 semperque
1096 2006 1169 2070 tom-

197 2096 291 2156 quam
310 2081 339 2140 in
360 2080 481 2154 publico
501 2081 574 2140 vivit
588 2096 622 2139 se
637 2079 733 2154 magis
750 2082 863 2140 veritus
878 2096 968 2153 quam
984 2081 1076 2140 alios:
1098 2079 1168 2140 sub·

196 2164 309 2223 ductus
330 2163 379 2224 ille
401 2163 629 2237 tempestatibus
650 2165 679 2223 in
701 2162 801 2224 solido
822 2180 857 2223 oo
876 2180 986 2224 sereno
1001 2164 1082 2223 stelit
1097 2178 1169 2222 oon-

195 2247 420 2320 summovitque
439 2247 595 2306 scientiam
617 2248 717 2306 utilem
741 2264 778 2305 ac
804 2246 1019 2307 neeessariam.
1053 2247 1170 2319 reliqna

195 2330 419 2389 oblectamento
433 2325 485 2389 olii
501 2337 581 2389 sunt.
616 2330 699 2390 Licet
713 2332 792 2389 enirn
806 2331 865 2390 iarn
882 2332 1020 2392 intutum
1038 2337 1168 2390 retracto

196 2413 303 2473 animo
315 2413 354 2471 ad
369 2411 444 2471 hacc
460 2428 584 2487 quoque
598 2429 776 2488 excurrere,
796 2416 923 2489 cultum,
945 2431 1004 2475 non
1020 2415 1114 2475 robur
1124 2413 1168 2473 in·

194 2495 486 2571 geniisadlerentia.
920 2553 924 2561 ,

259 2578 296 2638 ΙΙ.
323 2578 405 2637 Haeo
421 2579 590 2638 Demetrius
612 2588 715 2640 noster
730 2589 857 2653 utraque
874 2587 1082 2640 manutenere
1098 2586 1196 2654 pro-1

195 2662 348 2722 sicientem
365 2661 454 2721 iubet.
482 2661 558 2721 lraec
573 2679 724 2736 nusquam
741 2664 905 2734 dimittere,
927 2664 1018 2721 immo
1034 2663 1168 2735 adfigere

196 2752 228 2805 et
241 2751 359 2819 partem
375 2746 421 2803 sui
436 2746 537 2804 iacere
549 2761 649 2818 eoque
661 2746 814 2805 cotidiana
825 2744 1019 2806 meditatione
1032 2744 1167 2818 perduci,

194 2835 228 2887 ut
248 2843 307 2887 sua
321 2834 431 2902 sponte
445 2837 607 2887 occurrant
620 2829 764 2888 salutaria
777 2838 807 2889 et
822 2829 935 2902 ubique
949 2844 985 2888 oo
1001 2829 1100 2889 statim
1116 2830 1165 2888 de·

196 2911 333 2972 siderate
353 2919 474 2984 praesto
497 2910 556 2970 sint
576 2919 606 2970 et
625 2912 692 2971 sine
715 2928 799 2971 mora
814 2913 875 2972 ulla
891 2913 991 2973 veniat
1005 2912 1055 2972 illa
1072 2914 1168 2986 turpis

196 2992 383 3067 honestique
403 2993 572 3065 distinctio,
595 2996 672 3055 sciat
691 3012 747 3055 nec
769 2997 880 3055 malurn
901 3012 972 3055 esse
996 2998 1088 3055 ullum
1110 2996 1167 3056 nisi

196 3082 287 3151 turpe
303 3091 359 3135 nec
374 3077 488 3136 bonurn
503 3078 560 3136 nisi
575 3076 746 3138 honesturn.
781 3079 846 3137 Hoc
860 3082 965 3151 regula
980 3080 1059 3139 vitoe
1074 3084 1197 3152 operui

196 3159 366 3219 distribuat.
393 3161 430 3218 ad
447 3160 526 3220 hanc
540 3162 637 3233 legem
653 3169 683 3220 et
696 3168 767 3235 agat
780 3168 889 3220 cuncta
903 3170 933 3220 et
947 3162 1049 3233 exigat
1063 3162 1167 3219 miser·

196 3242 354 3315 rimosque
376 3243 545 3302 mortalium
570 3244 696 3315 iudicet,
723 3244 753 3301 in
775 3242 1029 3316 quantiscumque
1055 3243 1167 3315 opibus

196 3324 404 3398 refulgebunt,
420 3327 519 3385 ventri
534 3341 569 3383 ac
586 3326 701 3385 libidini
713 3326 834 3384 deditos
848 3341 1037 3399 quorumque
1049 3326 1168 3386 animus

196 3407 284 3467 inerti
305 3408 367 3466 otio
388 3417 497 3482 torpel.
531 3409 618 3468 Dicat
637 3409 694 3467 sibi
716 3409 798 3481 ipse:
821 3409 962 3482 voluptas
981 3409 1096 3483 fragilis
1112 3416 1168 3482 est,

195 3489 315 3563 brevis,
345 3490 466 3552 fastidio
489 3490 623 3564 obicem,
647 3508 708 3565 quo
728 3491 848 3551 avidius
869 3492 979 3551 hausto
996 3499 1056 3564 est,
1079 3490 1168 3551 citius

195 3572 224 3633 in
248 3574 431 3633 contrarium
452 3576 609 3645 recidens,
636 3576 723 3634 euius
749 3575 879 3634 subinde
899 3589 1027 3633 necesse
1048 3581 1096 3632 est
1118 3582 1170 3634 out

196 3658 352 3731 poeniteat
371 3666 422 3717 aut
445 3658 572 3731 pudent,
601 3657 630 3718 in
654 3674 714 3731 qua
735 3658 806 3716 nriril
828 3665 876 3718 est
899 3658 1092 3730 magnifieum
1117 3665 1170 3717 aul

197 3740 282 3816 quod
303 3747 441 3802 naturam
459 3740 590 3802 bominis
611 3742 662 3802 dis
681 3741 813 3817 proximi
827 3741 945 3801 deceat
971 3756 1023 3802 res
1037 3739 1169 3814 humilis,
