2942 4384
236 544 242 550 ἣ
319 441 383 520 aro
606 456 641 517 L.
660 452 806 514 lunam
827 451 1002 513 sennenn
1055 448 1058 453 ’

321 605 505 669 colebantur.
535 621 597 666 non
613 605 693 664 enim
713 619 785 664 esse
800 603 961 678 pluvialem
976 602 1069 677 banc,
1086 620 1166 679 quae
1180 605 1288 667 vastis·

322 690 399 751 sima
419 688 544 749 ilumina
565 706 583 747 a
605 691 688 749 fonte
704 688 804 748 statim
818 693 889 760 apta
903 686 1021 761 magnis
1037 689 1167 762 navigiis
1183 690 1289 758 desert,

321 789 360 833 ex
381 774 440 834 hoc
461 774 619 845 intellegas
641 772 725 842 ticet,
749 770 833 845 quod
857 786 911 844 per
931 769 1060 839 hiemem
1082 779 1291 846 aestatemque

322 874 377 931 par
390 863 437 916 est
451 873 469 915 a
483 856 582 929 capite
596 856 742 914 deiectus.
764 853 871 912 Pluvia
886 860 987 927 potest
1001 854 1102 914 lacere
1116 861 1290 928 torrentem,

233 1003 235 1016 ¹
320 957 381 999 non
398 946 499 1013 polest
515 954 630 997 amnem
646 938 766 1011 aequali
781 938 858 997 inter
871 938 954 1010 ripas
976 952 1050 996 suas
1065 945 1174 999 tenore
1188 939 1291 998 laben-

321 1030 395 1095 tem,
414 1039 505 1097 quem
519 1038 579 1081 non
596 1021 709 1080 iaciunt
723 1019 850 1092 imbres,
871 1021 927 1080 sed
941 1021 1074 1085 incitant.

290 1154 305 1203 l
381 1144 444 1204 ΧΗ.
472 1145 588 1206 Paulo
610 1151 832 1219 repetamus
851 1142 923 1203 hoc
949 1144 1086 1217 altius,
1113 1141 1139 1204 si
1162 1144 1290 1217 videtur,

321 1235 351 1288 et
372 1228 452 1288 scies
472 1235 508 1288 to
523 1245 584 1288 non
604 1228 716 1287 habere
742 1228 826 1302 quod
846 1242 991 1301 quaeras,
1018 1242 1086 1286 cum
1102 1228 1142 1287 ad
1165 1236 1292 1286 veram

225 1328 227 1335 ’
322 1312 485 1372 amnium
510 1310 695 1385 originem
721 1309 902 1369 accesseris.
930 1308 1056 1369 Flumen
1083 1326 1194 1384 nempe
1223 1310 1293 1369 lecit

322 1382 411 1469 copi'a
426 1411 598 1470 cursusque
618 1409 717 1467 aquae
739 1392 890 1468 perennis.
919 1409 991 1467 ergo
1015 1392 1042 1453 si
1062 1394 1186 1469 quaeris
1202 1410 1220 1452 a
1235 1409 1291 1465 me,

324 1478 478 1552 quomodo
496 1494 576 1551 aqua
592 1477 659 1549 fiat,
683 1475 876 1549 interrogabo
898 1477 1042 1549 invicem,
1068 1477 1225 1550 quomodo
1241 1492 1292 1534 aer

292 1561 376 1619 inat
399 1567 451 1619 aut
474 1569 562 1619 terra.
594 1560 785 1635 †Aegyptii
810 1568 943 1633 quatuor
970 1560 1120 1619 elementa
1145 1561 1292 1623 lecerunt.

324 1642 434 1702 deinde
450 1659 488 1701 ex
503 1643 630 1715 singulis
646 1642 731 1715 bina,
748 1644 840 1700 marin
854 1650 884 1702 et
898 1642 1041 1701 leminea:
1062 1645 1163 1701 adrem
1179 1659 1292 1702 murem

250 1793 252 1798 ¹
323 1725 471 1798 iudicant,
485 1742 546 1799 qua
557 1731 734 1797 ventusesl‚
750 1725 903 1797 seminam,
917 1742 978 1799 qua
990 1725 1149 1786 nubilosus
1162 1726 1292 1785 etiners.

323 1823 434 1882 aquam
455 1808 571 1867 virilem
594 1816 708 1867 vocant
730 1824 827 1881 mare,
853 1808 1029 1867 muliebrem
1051 1824 1170 1868 omnem
1193 1808 1293 1867 aliam.

174 1871 176 1879 .
258 1931 262 1941 .
324 1892 423 1965 ignem
437 1899 546 1950 vocant
560 1892 741 1962 masculum,
765 1908 826 1965 qua
841 1892 927 1949 ardet
942 1889 1077 1965 flamma,
1100 1899 1129 1950 et
1143 1891 1294 1963 seminam,

325 1990 387 2049 qua
399 1977 479 2033 lucet
489 1975 631 2034 innoxius
643 1980 734 2033 tactu.
759 1981 869 2033 terram
885 1973 1037 2034 fortiorem
1048 1990 1162 2034 marem
1174 1984 1294 2046 vocant,

325 2073 401 2117 saxa
419 2065 598 2132 cautesque:
621 2057 750 2116 feminae
765 2073 875 2117 nomen
890 2057 1052 2132 adsignant
1065 2058 1135 2117 huie
1146 2058 1294 2118 tractabili

294 2148 361 2209 3et'
372 2142 478 2200 cultae.
500 2144 521 2216 †
545 2140 606 2199 Sed
627 2141 654 2200 si
675 2141 705 2199 in
725 2157 827 2200 rerum
850 2148 956 2200 natura
971 2141 1118 2201 elementa
1132 2148 1205 2200 sunt
1220 2158 1293 2216 qua-

326 2232 407 2295 tuor,
426 2231 591 2297 non'potes
606 2223 807 2296 interrogare,
823 2223 904 2283 unde
916 2240 998 2298 aqua
1009 2224 1070 2284 liat:
1093 2233 1201 2298 quarta
1215 2226 1294 2283 enim

327 2322 398 2381 pars
421 2314 546 2365 naturae
567 2313 630 2365 est=
662 2306 735 2379 quid
759 2322 831 2380 ergo
851 2307 982 2379 miraris,
1009 2309 1034 2367 si
1049 2324 1150 2366 rerum
1169 2315 1294 2366 naturae

218 2450 227 2468 ‚
324 2397 385 2449 tam
401 2405 510 2462 magna
524 2388 621 2462 portio
638 2396 739 2463 potest
750 2389 862 2463 aliquid
878 2405 915 2447 ex
931 2406 966 2449 se
981 2407 1102 2465 semper
1116 2388 1295 2450 effunderet

296 2485 313 2538 4
327 2472 485 2545 Quomodo
500 2487 567 2545 aer,
590 2473 701 2547 etipse
718 2480 825 2547 quarta
842 2488 916 2546 pars
931 2474 1048 2545 mundi,
1071 2480 1180 2533 ventos
1197 2480 1228 2532 et
1242 2490 1293 2533 au-

326 2572 377 2615 ras
392 2564 506 2627 movet,
527 2554 572 2616 sic
584 2571 664 2631 aqua
678 2556 761 2615 rivos
777 2563 806 2615 et
817 2554 949 2615 flumina.
973 2556 999 2615 si
1010 2565 1119 2617 ventus
1136 2564 1184 2616 est
1194 2556 1294 2617 fluens

326 2654 392 2712 aer,
415 2646 445 2697 et
467 2638 580 2699 flumen
601 2646 647 2698 est
669 2638 769 2698 iluens
791 2655 880 2711 aqua.
916 2638 997 2699 Satis
1013 2648 1043 2698 et
1056 2641 1180 2700 multum
1194 2638 1237 2720 illi
1252 2640 1294 2698 vi-

325 2720 403 2781 rium
418 2722 504 2795 dedi,
523 2738 591 2781 cum
607 2721 683 2796 dixi,
699 2723 878 2789 elementum
893 2730 954 2782 est=
976 2722 1142 2798 intellegis,
1158 2723 1243 2798 quod
1257 2722 1294 2781 ab

326 2804 379 2865 illo
394 2805 595 2879 proficiscitur
610 2822 672 2865 non
687 2821 782 2879 posse
798 2804 941 2865 deficere.

301 2937 311 2988 t
387 2929 465 2987 Xlll.
486 2927 641 3000 Adiciam,
660 2935 694 2988 ut
708 2928 748 2989 ait
761 2930 885 2989 Thales:
908 2931 1145 2991 valentissimum
1163 2930 1292 2990 elemen-

328 3017 390 3070 tum
415 3018 470 3071 est.
503 3011 562 3071 lroc
587 3011 683 3070 luisse
704 3012 832 3085 primum
855 3021 953 3087 putat,
979 3030 1016 3073 ex
1037 3014 1096 3074 hoc
1121 3014 1294 3073 surrexisse

330 3094 439 3153 omnia.
471 3093 534 3154 Sed
556 3109 613 3153 nos
636 3111 761 3168 quoque
776 3096 869 3156 autin
886 3099 994 3156 eadem
1007 3096 1172 3168 sententia,
1198 3103 1251 3155 aut
1266 3096 1293 3153 in

271 3201 274 3206 ·
328 3178 432 3236 ultima
452 3178 518 3238 eius
534 3194 650 3238 sumus.
678 3178 806 3239 dicimus
821 3179 900 3238 enim
914 3179 1013 3253 ignem
1029 3196 1115 3253 esse,
1139 3180 1293 3254 quinceu

329 3268 381 3336 pet
396 3263 540 3321 mundum
561 3268 590 3321 et
610 3261 640 3320 in
661 3277 695 3321 se
715 3271 825 3322 cuncta
839 3270 1005 3323 convertat.
1038 3264 1118 3323 hunc
1133 3264 1294 3321 evaniduru

329 3344 491 3403 considere
511 3352 541 3405 et
554 3344 626 3403 nihil
644 3346 773 3420 relinqui
787 3346 867 3404 aliud
882 3347 913 3404 in
928 3362 1029 3406 rerum
1044 3355 1150 3406 natura
1164 3345 1235 3419 igne
1249 3360 1294 3404 re-

329 3426 439 3487 stincto
455 3444 546 3501 quarn
560 3426 725 3486 humorem.
749 3429 778 3487 in
793 3427 853 3487 hoc
868 3429 957 3489 futuri
971 3429 1075 3489 mundi
1090 3445 1177 3504 spem
1194 3430 1294 3488 latere.

299 3512 373 3571 alta
393 3510 472 3584 ignis
494 3511 593 3570 exitus
610 3510 727 3584 mundi,
754 3511 862 3571 humor
881 3512 1093 3587 primordium:
1123 3511 1243 3571 miraris
1257 3526 1296 3569 ex

330 3593 388 3653 lroc
404 3609 498 3668 posse
511 3609 617 3653 amnes
632 3609 754 3667 semper
768 3595 869 3667 exire,
891 3595 942 3669 qui
965 3611 1020 3668 pro
1036 3594 1176 3655 omnibus
1199 3592 1252 3653 suit
1267 3599 1296 3652 el

328 3692 369 3734 ex
383 3694 445 3751 quo
460 3684 531 3738 sunt
545 3676 666 3737 omniat
687 3677 734 3736 hic
753 3678 884 3751 [humor]
899 3679 928 3737 in
944 3678 1120 3739 diductione
1134 3694 1235 3739 rerum
1256 3676 1295 3735 ud
