2942 4384
406 482 724 557 martianaeum.
746 482 884 541 navt.
906 489 1037 544 11-11,
1149 481 1212 550 295

238 633 395 693 erexerit?
424 632 495 706 quid
516 638 563 691 est
583 631 677 701 enim,
707 646 762 690 cur
781 646 838 703 ego
859 630 1010 690 hominem
1033 640 1085 691 aut
1108 634 1211 706 leram,

239 716 315 792 quid
337 724 383 774 est
403 731 457 773 our
477 716 614 787 sagittam
635 724 664 772 et
684 715 821 773 lanceam
848 721 996 773 tremam?
1027 715 1142 774 maiora
1162 732 1211 776 me

239 799 376 874 pericula
397 805 592 871 exspectant=
621 796 794 856 fulminibus
816 804 846 856 et
865 797 952 856 terris
974 806 1002 857 et
1024 799 1142 871 magnis
1160 816 1211 857 na-

237 890 325 941 turae
346 881 483 955 partibus
504 882 642 954 petimur.
677 880 792 953 Ingenti
815 881 916 953 itaque
931 880 1030 939 animo
1046 898 1128 941 mors
1144 892 1241 955 pro-3

238 966 381 1024 vocanda
397 973 460 1035 est,
482 964 547 1022 sive
562 980 618 1021 nos
633 979 734 1036 aequo
750 970 897 1035 vastoque
913 964 1016 1037 inpetu
1028 964 1212 1038 adgreditur,

240 1048 308 1108 sive
323 1046 476 1107 cotidiano
493 1055 522 1107 11
537 1047 651 1120 volgari
666 1047 758 1105 exitu.
787 1045 860 1105 nihil
877 1048 983 1119 relert,
1005 1064 1096 1119 quam
1111 1049 1213 1106 minax

238 1132 342 1191 veniat
357 1137 564 1204 quantumque
579 1130 631 1201 sit,
649 1129 731 1203 quod
747 1130 776 1187 11
793 1145 850 1188 nos
862 1129 976 1188 trahatz
1000 1131 1082 1204 quod
1094 1147 1113 1188 a
1124 1131 1212 1190 nobis

239 1215 322 1288 petit,
339 1213 492 1272 minimum
504 1220 560 1271 est.
581 1212 1138 1284 111111111111111111111111111,
1154 1214 1213 1273 hoc

238 1297 394 1356 auriculae
409 1297 511 1366 dolor,
534 1296 593 1355 hoc
608 1296 742 1354 humoris
757 1296 785 1353 11
802 1295 891 1354 nobis
907 1296 1040 1369 corrupti
1057 1298 1212 1355 abundan-

238 1380 297 1452 tia,
317 1379 377 1439 hoc
398 1379 484 1437 cibus
506 1394 613 1451 parum
630 1379 808 1451 obsequens
824 1378 996 1449 stomacho,
1019 1379 1078 1438 hoc
1096 1395 1152 1452 pes
1171 1379 1212 1438 le-

240 1462 318 1524 viter
333 1462 481 1522 offensus.
503 1462 614 1521 Pusillo
628 1477 679 1521 res
694 1468 742 1519 est
757 1462 887 1521 hominis
904 1463 1018 1534 anima,
1034 1463 1089 1521 sed
1105 1464 1242 1535 ingenst

237 1561 290 1604 rcs
311 1554 502 1619 contemptus
522 1546 656 1604 animaez
685 1544 765 1604 hanc
786 1544 843 1619 quiv
863 1546 1058 1619 contempsit,
1085 1561 1212 1605 securus

237 1623 355 1689 videbit
379 1629 473 1687 maria
503 1628 635 1697 turbari,
667 1628 785 1686 etiamsi
811 1629 861 1686 illa
886 1644 992 1687 omnes
1017 1629 1214 1687 excitaverint

240 1711 336 1782 11111,
363 1710 481 1770 etiamsi
500 1718 604 1770 aestus
625 1712 727 1785 aliqua
749 1711 973 1785 perturbatione
994 1711 1097 1769 mundi
1118 1719 1213 1771 totum

238 1796 268 1853 11
283 1801 380 1854 terras
396 1793 519 1853 verterit
534 1810 692 1852 occanum.
722 1810 850 1852 securus
865 1793 1016 1868 adspiciet
1029 1796 1212 1855 fulminantis

238 1878 318 1937 coeli
338 1873 452 1937 trucem
468 1885 559 1951 atque
573 1875 727 1936 horridam
744 1877 866 1946 lactem,
890 1878 1044 1950 frangatur
1059 1879 1128 1937 licet
1142 1894 1211 1938 coe-

237 1962 302 2019 lum
323 1967 352 2019 11
371 1961 459 2034 ignes
479 1976 555 2019 suos
575 1960 606 2017 in
627 1961 750 2019 exitium
773 1961 920 2030 omnium,
949 1960 977 2017 11
1000 1960 1104 2033 primis
1123 1977 1212 2020 suum

239 2043 376 2102 misceat.
404 2059 533 2103 securus
554 2043 703 2116 adspiciet
722 2044 819 2116 ruptis
842 2043 1032 2115 conpagibus
1050 2042 1212 2101 dehiscens

238 2128 353 2197 solum,
376 2127 427 2185 illa
442 2126 511 2185 lieet
525 2126 690 2185 inferorum
705 2141 799 2206 regna
810 2132 992 2199 retegantur.
1016 2124 1107 2183 stabit
1118 2142 1213 2200 super

238 2209 319 2268 illam
341 2208 516 2282 voraginem
535 2210 702 2284 intrepidus
718 2217 748 2267 et
763 2210 894 2267 fortasse
909 2226 970 2281 quo
987 2208 1077 2267 debet
1091 2210 1211 2279 cadere,

238 2292 369 2350 desiliet.
404 2292 481 2364 Quid
501 2293 619 2362 adme,
643 2309 732 2365 quam
751 2292 812 2350 sint
826 2307 949 2365 magna,
972 2290 1083 2363 quibus
1099 2299 1239 2366 pereo‘t5

239 2376 339 2449 ipsum
360 2374 460 2449 perire
480 2391 540 2433 non
557 2381 604 2433 est
618 2392 769 2449 magnum.
797 2375 926 2449 proinde
942 2374 969 2433 si
984 2376 1125 2434 volumus
1141 2391 1213 2435 esse

238 2456 360 2532 felices,
389 2459 416 2517 si
436 2474 493 2516 111
512 2458 664 2517 hominum
687 2474 745 2516 111
758 2458 889 2516 deorum
911 2473 968 2517 nec
988 2474 1087 2517 rerum
1105 2459 1212 2519 timore
1277 2536 1279 2538 ‚

238 2540 371 2616 versari,
394 2542 420 2601 si
432 2542 592 2615 despicere
608 2543 965 2622 fortunam-supervacua
981 2542 1211 2617 promittentem,

237 2625 318 2685 levia
338 2627 537 2701 minitantem,
562 2627 588 2686 si
611 2628 752 2687 volumus
773 2625 935 2700 tranquille
957 2626 1068 2699 degere
1086 2632 1114 2684 et
1134 2625 1211 2700 ipsis

238 2709 287 2768 dis
309 2709 348 2768 de
369 2711 509 2770 1111111111
524 2712 763 2770 controversiam
777 2726 884 2783 agere,
906 2710 1004 2767 anima
1021 2710 1049 2767 in
1066 2710 1210 2782 expedito

237 2800 287 2853 est
307 2791 462 2852 habenda:
486 2795 552 2852 sive
573 2794 653 2852 illam
669 2794 798 2853 insidiae
814 2794 880 2851 sive
895 2792 991 2852 morbi
1005 2799 1123 2866 petent,
1146 2790 1212 2851 sive

237 2874 371 2935 hostiurn
389 2877 481 2951 gladii
495 2879 561 2937 sive
575 2876 741 2936 insularum
754 2876 925 2935 cadentium
939 2877 1041 2949 fragor
1053 2876 1118 2936 sive
1129 2874 1211 2949 ipsa-

236 2975 305 3018 rum
317 2961 407 3019 ruina
422 2968 567 3019 terrarum
583 2961 650 3018 sive
664 2969 752 3019 vasta
766 2959 814 3018 vis
830 2959 941 3032 ignium
954 2960 1046 3018 urbes
1058 2974 1212 3033 agrosque

237 3042 305 3116 pari
321 3044 409 3102 clade
421 3045 587 3118 conplexa,
604 3044 655 3118 qui
669 3044 749 3103 volet
760 3044 855 3115 illam,
870 3043 1006 3115 accipiat.
1042 3043 1117 3115 Quid
1131 3041 1240 3101 aliud6

236 3125 336 3184 debeo
346 3142 436 3201 quam
448 3133 608 3186 exeuntem
620 3127 733 3185 hortari
746 3132 776 3183 et
786 3142 854 3184 cum
866 3125 953 3184 bonis
966 3125 1116 3183 ominibus
1129 3126 1211 3184 emit-

236 3215 317 3267 tere:
349 3212 448 3283 „vade
470 3209 594 3281 sortiter,
621 3209 700 3267 vade
721 3208 887 3266 feliciter!“
916 3206 993 3263 Nihil
1016 3207 1211 3280 dubitaveris

236 3290 424 3353 reddideris:
447 3310 507 3353 111
529 3294 630 3366 dere,
654 3292 710 3351 sed
726 3291 765 3349 de
778 3297 915 3363 tempore
931 3297 978 3348 est
993 3290 1141 3363 quaestio.
1168 3291 1211 3347 la-

237 3373 283 3434 cis
305 3377 389 3448 quod
410 3378 595 3452 quandoque
620 3374 792 3435 laciendum
813 3380 868 3431 est.
899 3388 957 3431 nec
977 3371 1134 3446 rogareris
1155 3388 1212 3431 nec

237 3459 373 3519 timueris
396 3475 453 3518 nec
473 3466 503 3518 le
525 3458 608 3517 velut
628 3458 657 3517 11
677 3457 802 3530 aliquod
818 3458 929 3515 malum
944 3456 1093 3515 exiturum
1107 3456 1211 3515 tuleris

235 3548 334 3601 retr0=
357 3559 457 3600 rerum
479 3548 587 3601 natura
606 3548 650 3613 11,
674 3558 753 3615 quae
768 3541 885 3614 genuit,
909 3545 1067 3612 exspectat
1082 3545 1111 3597 et
1125 3537 1212 3596 locus

236 3625 345 3684 melior
360 3642 396 3685 ac
408 3626 507 3685 tutior.
529 3624 593 3683 illic
605 3641 665 3684 111
676 3631 808 3683 tremunt
817 3630 915 3682 terrae
928 3639 984 3682 nec
996 3621 1072 3680 inter
1085 3636 1119 3680 se
1130 3620 1239 3680 111117

237 3723 308 3767 cum
327 3725 438 3785 magno
466 3706 590 3767 nubium
614 3708 735 3782 fragore
759 3714 967 3780 concurrunt,
985 3721 1047 3765 non
1071 3703 1212 3765 incendia
