2942 4384
601 661 637 743 l.
660 658 799 743 lllllll
824 658 995 743 lllllll

527 812 578 865 AD
606 813 810 865 AEBUTIUM
839 812 1068 863 brunantun

419 929 1176 1028 nult-ullullclls

700 1093 834 1157 LIBER
862 1096 897 1157 V.
988 1147 990 1152 ,

283 1398 297 1448 1
373 1379 406 1437 ln
424 1376 577 1452 prioribus
593 1378 676 1437 libris
691 1378 819 1436 videbar
835 1392 1067 1437 consummasse
1083 1378 1282 1453 propositum,

312 1477 381 1521 cum
392 1470 580 1535 tractassem‚
591 1461 846 1535 quemadmodum
859 1462 991 1519 dandum
1004 1462 1282 1535 essetbenelicium,

312 1544 570 1619 quemadmodum
593 1544 814 1617 accipiendum.
848 1543 879 1602 bi
894 1544 974 1604 enim
995 1551 1065 1604 suot
1085 1544 1176 1604 buius
1194 1546 1283 1606 ollicil

311 1628 405 1686 fines:
432 1625 578 1700 quicquid
599 1628 676 1685 ultra
696 1641 815 1700 moror,
838 1644 899 1687 non
922 1628 1024 1688 servio
1044 1628 1206 1700 materiae,
1233 1628 1284 1687 sed

312 1711 471 1782 indulgeo,
494 1724 573 1783 quae
590 1725 650 1783 quo
666 1710 749 1769 ducit
762 1712 920 1784 sequenda
935 1719 997 1784 est,
1018 1726 1078 1770 non
1095 1726 1157 1783 quo
1172 1712 1283 1771 invitet

312 1793 443 1853 subinde
459 1792 538 1851 enim
554 1798 697 1851 nascetur
710 1809 772 1866 quo
784 1794 917 1853 lacessat
931 1794 1034 1869 aliqua
1048 1794 1213 1854 dulcedine
1225 1793 1283 1853 ani-

282 1888 407 1948 amum,
435 1875 531 1949 magis
546 1892 606 1935 non
623 1892 848 1951 supervacuum
863 1893 954 1951 quam
971 1875 1190 1937 necessarium.
1228 1880 1282 1937 Ve-

311 1960 455 2033 rumquia
467 1959 574 2033 devie,
591 1974 887 2033 perseveremus
900 1961 1085 2034 peractiS,
1100 1976 1198 2033 quae
1211 1976 1284 2021 rem

311 2043 580 2115 continebant,
602 2044 1020 2116 scrutaturietiamea,
1043 2058 1155 2117 quae,
1175 2044 1209 2103 si
1227 2042 1283 2101 vis

312 2143 457 2195 verum,
485 2141 658 2186 connexa
682 2134 786 2197 sunt,
814 2143 883 2187 non
910 2125 1171 2186 cohaerentia.
1207 2140 1283 2201 qnae

312 2209 454 2284 quisquis
472 2208 633 2281 diligenter
647 2209 784 2282 inspicit,
799 2226 856 2269 nec
871 2209 943 2269 lacit
958 2225 1071 2284 operae
1086 2210 1217 2283 pretium
1229 2223 1283 2268 nec

282 2300 408 2353 3tamen
426 2291 524 2365 perdit
538 2306 672 2364 operam.
707 2291 772 2351 Tibi
787 2300 902 2364 autern,
917 2291 1031 2351 bomini
1046 2300 1154 2352 natura
1168 2293 1281 2367 optimo

311 2382 341 2433 et
363 2376 401 2433 ad
416 2373 566 2433 beneficia
582 2391 754 2449 propenso,
775 2376 923 2435 Liberalis
938 2376 1063 2449 Aebuti,
1081 2377 1164 2435 nulla
1178 2390 1281 2435 eorum

311 2458 442 2517 laudatio
458 2458 616 2517 satisfacit.
643 2457 793 2519 neminem
808 2476 951 2533 umquam
971 2459 1030 2518 vidi
1046 2466 1106 2517 tam
1121 2459 1283 2532 benignum

310 2542 399 2601 eliam
422 2540 645 2601 levissimorum
666 2542 837 2604 olliciorum
858 2543 1092 2602 aestimatorem.
1119 2541 1179 2600 iam
1197 2541 1280 2600 boni-

310 2632 357 2685 tas
379 2632 430 2684 lua
449 2640 486 2685 eo
508 2641 608 2699 nsque
624 2626 770 2700 prolapsa
785 2634 846 2699 est,
870 2635 903 2686 ut
917 2626 970 2685 tibi
986 2626 1051 2684 dari
1066 2633 1154 2699 putes
1169 2623 1282 2684 benefi-

311 2709 403 2779 cium,
432 2708 514 2781 quod
540 2709 592 2769 ulli
616 2710 714 2769 datur.
748 2717 871 2784 paratus
893 2724 943 2782 es,
972 2724 1010 2768 ne
1032 2724 1122 2782 quem
1144 2704 1282 2766 beneficii

282 2792 477 2865 opoenlteat‚
494 2805 549 2863 pro
565 2792 690 2865 ingratis
703 2792 887 2865 dependere.
903 2792 975 2866 lpse
991 2807 1089 2865 usque
1103 2806 1141 2849 eo
1156 2791 1231 2850 abes
1245 2788 1281 2848 ab

311 2874 392 2931 omni
420 2872 594 2946 iactatione,
619 2888 720 2947 usque
746 2892 783 2934 eo
809 2876 908 2935 statim
928 2876 976 2934 vis
994 2890 1177 2946 exonerare,
1204 2887 1281 2947 quos

311 2955 444 3029 obligas,
461 2962 493 3015 ut
509 2954 654 3030 quicquid
670 2958 698 3014 in
715 2958 847 3032 aliquem
864 2960 1002 3030 coniers,
1017 2958 1093 3029 velis
1109 2956 1206 3015 videri
1222 2971 1280 3014 non

310 3044 482 3113 praestare,
508 3040 563 3098 sed
587 3039 731 3110 reddere,
759 3041 891 3115 ideoque
913 3040 1031 3116 plenius
1053 3041 1092 3099 ad
1106 3049 1136 3100 te
1151 3040 1197 3098 sic
1213 3039 1279 3097 dato

309 3129 507 3182 revertentur.
531 3138 600 3181 nam
616 3124 679 3181 lere
692 3132 862 3196 sequuntur
876 3123 1025 3183 beneficio
1040 3140 1101 3184 non
1115 3136 1281 3196 reposcen-

310 3213 370 3265 tem
391 3213 435 3277 et,
462 3212 494 3265 ut
514 3206 610 3280 gloria
632 3206 783 3279 fugientes
804 3206 901 3279 magis
925 3208 1079 3280 sequilur‚
1104 3207 1145 3265 ita
1164 3206 1281 3264 fructus

310 3289 528 3348 beneficiorum
542 3288 656 3363 gratius
672 3291 839 3362 respondet
852 3289 927 3361 illis,
945 3306 1001 3364 per
1014 3305 1092 3363 quos
1107 3289 1196 3347 etiam
1211 3301 1282 3346 esse

281 3371 436 3445 biogratis
458 3372 537 3430 licet.
569 3372 626 3430 Per
642 3378 670 3430 le
686 3388 759 3433 vero
775 3389 835 3432 uon
853 3380 901 3431 est
915 3389 1015 3445 mora,
1037 3387 1099 3447 quo
1114 3372 1215 3430 minus
1230 3369 1281 3429 be

310 3456 420 3515 nelicia
435 3455 485 3529 qui
497 3462 694 3527 acceperunt,
711 3456 788 3515 ultro
803 3463 955 3529 repetant,
972 3459 1028 3514 nec'
1040 3455 1198 3516 recusabis
1211 3469 1282 3512 con·

310 3540 389 3597 serre
409 3540 468 3598 alia
489 3546 518 3596 el
539 3536 714 3609 subpressis
737 3537 996 3612 dissimulatisque
1018 3540 1105 3612 plura
1117 3554 1154 3596 ac
1169 3535 1283 3596 maiora

311 3620 446 3680 adicere:
479 3621 669 3697 propositum
693 3622 797 3696 optimi
819 3622 924 3682 viriet
946 3622 1076 3697 ingentis
1092 3621 1198 3695 animi,
1221 3626 1282 3678 tam
