2942 4384
318 441 379 525 to'e
599 461 633 519 u.
654 461 801 521 anuum
821 460 995 521 sunucnu

282 613 442 674 3disieota
465 629 525 674 non
553 622 693 688 possunt.
728 612 927 672 Intentionem
952 612 1032 673 aeris
1053 613 1219 673 ostendent
1244 613 1287 674 tibi

313 697 418 766 inflato
443 713 500 756 nee
526 698 565 755 ad
591 698 681 756 ictum
708 697 858 779 cedentia.
892 697 1056 756 ostendunt
1079 696 1220 769 pondera
1242 713 1289 772 per

312 796 453 853 magnum
470 779 601 853 spatium
618 779 716 838 ablata
731 785 870 851 gestante
885 786 988 841 vento.
1010 780 1178 839 ostendunt
1191 795 1288 852 voees,

314 879 393 937 quae
415 863 561 921 remissae
583 862 747 936 elaraeque
768 868 853 934 sunt,
880 868 971 935 prout
990 877 1044 919 aer
1065 877 1099 919 se
1122 862 1288 924 concitavit

313 946 385 1020 quid
403 946 481 1003 enim
499 951 547 1003 est
558 960 619 1002 vox
630 943 689 1003 nisi
704 945 830 1003 intentio
846 943 940 1013 atris,
956 949 989 1003 ut
1002 944 1158 1017 audiatur,
1174 944 1290 1018 linguae

280 1028 441 1092 limmata
461 1034 634 1101 percussu?
668 1028 742 1100 quid
757 1042 866 1085 cursus
888 1033 918 1085 et
934 1032 1036 1085 motus
1056 1026 1172 1099 omnis,
1195 1041 1289 1088 nonne

312 1109 415 1169 intenti
439 1109 562 1183 spiritus
578 1124 673 1182 opem
689 1116 781 1168 suntt
807 1108 856 1167 hic
877 1108 949 1167 iacit
964 1108 1023 1166 vim
1039 1109 1159 1181 nerum,
1181 1110 1289 1168 veloci·

311 1199 403 1251 tatem
418 1190 618 1252 currentibus.
641 1191 690 1250 hie
706 1208 773 1251 cum
786 1191 980 1250 veliementer
994 1192 1163 1250 concitatus
1178 1192 1290 1265 ipsese

312 1276 413 1346 torsit,
435 1276 560 1334 arbusta
580 1274 735 1348 silvasque
758 1274 910 1333 convulsit
929 1273 1112 1332 ctoedificia
1124 1280 1189 1333 tota
1203 1274 1292 1333 corri-

312 1359 401 1431 piens
423 1358 452 1415 in
473 1358 533 1417 alto
559 1356 678 1430 frangit.
709 1355 759 1414 hic
782 1371 866 1415 mare
886 1370 941 1429 per
961 1370 996 1415 se
1017 1355 1195 1428 languidum
1210 1354 1291 1415 etia·

283 1452 389 1501 scens
409 1441 522 1500 incitat.
553 1440 603 1498 Ad
624 1438 742 1498 minora
762 1439 934 1497 veniamus:
956 1436 1025 1512 quis
1048 1438 1114 1498 sine
1129 1438 1291 1498 intentione

314 1524 440 1597 spiritus
466 1528 574 1581 cantus
598 1528 665 1582 cstt
697 1537 813 1581 cornua
832 1530 862 1580 et
881 1520 972 1586 tubae
992 1530 1023 1580 et
1043 1527 1124 1593 quae
1146 1536 1291 1594 aquenum

311 1621 459 1679 pressura
478 1606 622 1663 maiorem
644 1605 776 1662 sonitum
800 1605 929 1663 formant
950 1618 1041 1676 quom
1063 1602 1116 1677 qui
1136 1619 1193 1663 ore
1209 1602 1290 1661 reddi

313 1694 428 1761 potest,
445 1701 545 1745 nonne
557 1686 637 1745 aeris
649 1686 814 1745 intentione
829 1692 930 1760 partes
943 1700 1015 1744 snas
1028 1685 1206 1759 explicant?
1220 1685 1290 1745 Con·

313 1770 482 1828 sideramus
500 1783 580 1840 quae
602 1768 754 1841 ingentem
776 1768 838 1826 vim
858 1769 1078 1842 peroccultum
1093 1777 1203 1841 agunta
1228 1783 1291 1842 par-

227 1865 233 1878 ·
313 1851 383 1909 vulo
401 1851 569 1910 admodum·
587 1850 702 1909 semina
722 1859 752 1910 et
777 1866 903 1926 quorum
919 1850 1036 1909 exilitas
1051 1849 1081 1907 in
1094 1850 1293 1910 commissura

311 1932 447 2007 lapidum
471 1933 571 1993 locum
593 1933 721 2006 invenit,
747 1932 777 1992 iu
802 1940 915 1992 tantum
938 1935 1172 2005 convalescunt,
1199 1940 1232 1992 ut
1252 1934 1291 1991 in-

313 2016 413 2091 gentia
430 2032 506 2075 saxa
521 2015 681 2075 deturbent
695 2024 725 2075 et
738 2023 932 2075 monumenta
944 2014 1124 2074 dissolvant.
1146 2016 1292 2090 scopulos
1316 2056 1318 2060 ι

313 2100 431 2158 interim
462 2114 619 2173 rupesque
646 2099 766 2157 radices
793 2097 1012 2157 minutissimae
1036 2112 1073 2156 ac
1098 2097 1292 2157 tenuissimae

313 2181 446 2241 findunt:
467 2182 528 2241 hoc
550 2181 623 2253 quid
645 2187 692 2239 est
711 2180 792 2240 aliud
817 2196 906 2254 quam
921 2180 1045 2239 intentio
1067 2179 1210 2254 spirim,
1229 2178 1293 2238 sine

281 2273 298 2326 6
314 2280 374 2337 qua
392 2263 464 2322 nihil
484 2263 617 2322 validum
636 2270 703 2322 cstt
730 2264 810 2322 Esse
830 2271 929 2323 autem
950 2263 1094 2321 unitatem
1116 2262 1146 2320 in
1161 2266 1233 2321 aere
1248 2262 1293 2319 vel

313 2361 353 2422 err
367 2346 427 2404 hoc
445 2346 576 2417 intellegi
599 2352 715 2418 potest,
739 2346 822 2420 quod
837 2361 969 2419 corpora
985 2352 1090 2405 nostra
1104 2345 1230 2404 intense
1244 2359 1293 2403 co

313 2427 447 2487 haerent.
470 2427 542 2501 quid
559 2428 637 2485 enim
657 2434 704 2487 est
718 2429 815 2499 aliud,
832 2428 916 2502 quod
929 2433 1046 2487 teneret
1061 2428 1110 2486 illa
1126 2443 1217 2499 quam
1233 2425 1292 2500 spi-

312 2510 410 2569 ritus?
431 2510 504 2583 quid
525 2509 679 2582 estaliud‚
702 2504 764 2583 ouo
786 2511 905 2570 animus
926 2516 1032 2569 noster
1055 2510 1206 2583 agitetur?
1227 2508 1293 2581 quis

313 2602 362 2653 est
381 2592 423 2652 illi
444 2600 544 2652 motus
561 2593 617 2652 nisi
639 2594 785 2653 intentio?
804 2608 883 2666 quae
897 2592 1021 2652 intentio
1036 2593 1095 2651 nisi
1110 2608 1147 2650 ex
1163 2590 1295 2650 unitates

314 2690 393 2749 quoe
413 2675 527 2749 unitas,
548 2676 605 2735 nisi
626 2675 702 2735 haec
724 2682 807 2735 esset
828 2675 856 2733 in
879 2678 970 2734 aeret
992 2675 1066 2749 quid
1091 2681 1191 2733 autem
1213 2673 1294 2733 aliud

313 2758 456 2831 producit
477 2760 579 2830 fruges
600 2767 630 2817 et
651 2766 784 2831 segetem
807 2756 976 2817 inbecillem
997 2773 1033 2816 ac
1054 2757 1190 2816 virentes
1203 2754 1296 2829 exigit

316 2840 442 2898 arbores
464 2855 499 2897 ac
520 2840 666 2899 distendit
686 2840 714 2898 in
736 2856 839 2899 ramos
861 2847 924 2913 [aut
938 2841 967 2899 in
983 2842 1074 2899 altum
1090 2837 1188 2913 erigit]
1205 2854 1294 2913 quam

314 2920 438 2993 spiritus
453 2922 578 2979 intentio
597 2929 627 2980 et
642 2922 763 2986 unitas?

283 3012 296 3063 1
374 3002 440 3060 Vll.
473 3002 598 3075 Quidam
619 3007 691 3061 aera
712 3003 890 3078 discerpunt
909 3014 940 3065 et
959 3006 988 3065 in
1013 3004 1177 3079 particulas
1207 3002 1294 3062 didu-

314 3092 400 3155 cunt,
426 3085 466 3144 itu
492 3091 525 3143 ut
549 3085 589 3144 illi
614 3086 702 3144 inane
727 3086 939 3160 permisceant.
961 3095 1169 3161 argumentum
1196 3093 1294 3145 autern

282 3187 287 3199 ¹
314 3168 487 3226 existimant
502 3184 562 3227 non
583 3168 663 3242 pleni
678 3170 833 3243 corporis,
855 3171 909 3228 scd
933 3172 1057 3230 multum
1077 3169 1166 3228 vacni
1181 3168 1294 3227 liaben-

313 3250 367 3332 ιίε,
389 3253 472 3325 quod
494 3252 601 3311 avibus
624 3255 653 3310 in
668 3252 719 3312 illo
735 3260 794 3312 tum
807 3252 904 3311 facilis
919 3260 1034 3323 motus,
1057 3252 1141 3327 quod
1154 3250 1295 3311 maximis

281 3343 298 3395 2
311 3332 504 3409 minimisque
519 3336 672 3407 perillum
689 3342 883 3394 transcursus
898 3344 954 3394 est.
976 3335 1039 3395 Sed
1054 3336 1205 3394 falluntur.
1226 3348 1296 3391 nam

314 3433 460 3491 aquarum
478 3432 602 3490 quoquc
617 3418 723 3477 similis
744 3418 872 3478 facilitas
889 3425 950 3490 cst,
973 3433 1030 3476 nec
1051 3419 1090 3476 de
1104 3417 1217 3477 unitate
1232 3416 1296 3473 illa·

314 3516 379 3559 rum
398 3498 522 3558 dubium
539 3506 599 3571 est,
621 3516 700 3573 quae
721 3500 766 3559 sic
781 3516 911 3574 corpora
931 3500 1098 3573 accipiunt,
1119 3506 1152 3558 ut
1174 3512 1298 3572 semper

314 3582 345 3639 in
367 3582 548 3641 contrarium
570 3583 705 3655 acceptis
725 3582 865 3642 refluant.
897 3582 984 3641 Hanc
1005 3582 1101 3643 nostri
1128 3582 1297 3641 circum·

315 3664 512 3739 stantiam,
525 3664 631 3725 Graeci
641 3656 908 3746 ἀντιπερίστασιν
918 3665 1080 3741 adpellant,
1093 3680 1173 3741 quae
1184 3666 1215 3724 in
1226 3666 1299 3723 atre
