2942 4384
325 468 389 533 274
611 468 645 528 1..
665 468 812 557 annam
836 467 1012 529 sunnone

326 638 395 681 cum
417 618 457 681 sit
476 620 684 680 necessarium
707 635 724 677 e
746 620 807 679 vita
829 620 914 678 exire
931 626 962 678 et
982 617 1148 694 aliquando
1172 621 1307 683 emittere

260 720 264 734 ¹
327 706 472 776 unimam,
496 704 611 763 maiore
633 704 732 776 perire
752 702 871 761 ratione
888 703 983 763 iuvet.
1013 702 1149 763 Necesse
1171 711 1221 765 est
1233 706 1307 764 mori

325 788 528 861 ubicumque,
545 787 742 860 quandoque.
765 792 824 844 stet
839 786 908 845 licet
923 785 981 845 ista
992 786 1103 845 humus
1116 793 1146 845 et
1161 804 1198 847 se
1209 794 1308 847 teneat

327 870 392 930 suis
415 871 526 929 linibus
549 886 606 928 nec
623 869 684 927 ulla
701 870 829 928 iactetur
846 869 968 941 iniuria,
991 885 1086 943 supra
1103 886 1152 928 me
1169 870 1305 944 quande

327 970 388 1027 que
410 955 480 1012 erit:
509 951 651 1023 interest,
673 967 730 1025 ego
750 952 831 1010 illam
852 952 923 1009 mihi
946 968 983 1009 an
1000 953 1068 1027 ipsa
1083 968 1118 1012 se
1132 953 1206 1011 mibi
1221 955 1306 1027 inpo-

295 1040 313 1093 8
327 1043 398 1095 nott
420 1036 571 1095 diducitur
586 1043 615 1094 et
630 1035 743 1108 ingenti
761 1036 896 1108 potentia
911 1036 1015 1095 nescio
1038 1036 1125 1095 cuius
1140 1037 1212 1095 mali
1226 1053 1304 1096 rum·

328 1120 408 1193 pitur
422 1126 510 1177 elme
523 1118 552 1176 in
564 1118 733 1178 inmensam
749 1120 937 1178 altitudinem
949 1118 1082 1177 abducit.
1106 1119 1181 1193 quid
1192 1126 1305 1195 porrot

328 1218 411 1262 mors
432 1201 529 1260 levior
548 1201 577 1259 in
605 1204 696 1276 plano
719 1209 786 1260 estt
818 1200 892 1274 quid
911 1201 1010 1259 habeo
1026 1202 1109 1275 quod
1125 1218 1255 1276 querar,
1281 1203 1306 1261 sl

327 1302 429 1344 rerum
454 1292 561 1344 natura
581 1301 629 1342 me
651 1301 712 1344 non
733 1287 799 1344 vult
818 1285 919 1343 iacere
939 1285 1063 1357 ignobili
1078 1286 1160 1344 letot
1193 1286 1220 1345 si
1236 1285 1305 1344 mihi

295 1372 312 1427 9
329 1370 410 1428 inicit
425 1369 472 1428 sui
491 1375 628 1443 partem?
655 1369 784 1442 Egregie
798 1368 956 1441 Vagellius
982 1384 1069 1428 meus
1090 1368 1120 1426 in
1135 1370 1187 1427 illo
1202 1370 1304 1429 inclito

309 1452 477 1511 carmine:

369 1536 404 1594 St
416 1536 585 1595 cudendum
599 1542 655 1605 est,
672 1533 782 1607 inquit,
798 1536 884 1605 mibi,
906 1552 922 1593 e
935 1536 1015 1593 coele
1028 1536 1169 1595 cecidisse
1182 1538 1279 1595 velim.

328 1619 408 1679 idem
421 1619 490 1677 lieet
502 1617 619 1677 dicere=
636 1615 663 1675 si
675 1618 846 1676 cadendum
858 1625 919 1690 est,
936 1616 1042 1675 cadam
1055 1618 1129 1676 orbe
1141 1634 1304 1690 concusso,

328 1702 479 1774 nunquia
501 1701 547 1758 las
571 1707 617 1757 est
635 1708 742 1774 optare
765 1700 916 1774 publicam
938 1700 1069 1772 cladem,
1097 1702 1154 1760 scd
1171 1702 1244 1775 quia
1264 1702 1305 1759 in-

329 1800 405 1858 gens
420 1784 525 1842 mortis
537 1784 677 1842 solatium
691 1791 738 1842 est
752 1792 861 1843 terram
879 1798 1003 1857 quoque
1020 1783 1124 1842 videre
1136 1786 1305 1844 mortalem.

298 1876 312 1926 1
392 1866 440 1924 Ill.
463 1867 563 1924 lllud
586 1883 739 1939 quoque
760 1866 936 1940 proderit
957 1869 1305 1940 praesumereani·

329 1968 400 2024 nro,
422 1949 518 2008 nihil
538 1950 673 2010 horum
696 1952 791 2010 deos
807 1952 954 2023 faeere,
975 1951 1135 2024 nequeira
1151 1950 1305 2010 numinum

329 2042 382 2094 aut
397 2034 515 2093 eoelum
532 2035 652 2093 concuti
668 2042 720 2092 aut
736 2042 861 2092 terram:
884 2049 975 2091 suas
991 2032 1067 2091 ista
1083 2048 1227 2093 causas
1242 2034 1305 2092 ha·

329 2119 420 2178 bent
436 2132 492 2176 nec
508 2132 547 2175 ex
561 2118 688 2191 imperio
707 2117 861 2189 saeviunt,
884 2117 940 2175 sed
956 2116 1139 2190 quibusdam
1155 2117 1254 2190 rillio,
1276 2123 1307 2175 ul

331 2217 463 2275 corpora
483 2208 604 2274 nostra,
630 2200 788 2260 turbantur
809 2206 839 2258 et
853 2208 939 2272 tunc,
964 2215 1031 2258 cum
1048 2200 1149 2258 lacere
1166 2200 1306 2259 videntur

299 2284 483 2356 tiniuriam,
517 2283 678 2356 accipiunt.
717 2283 812 2342 Nobis
838 2292 937 2343 autem
963 2282 1173 2356 ignorantibus
1203 2300 1304 2343 verum

332 2366 432 2426 omnia
458 2366 639 2425 terribiliora
665 2373 750 2438 sunt,
776 2367 881 2440 utique
907 2382 1035 2440 quorum
1059 2373 1171 2424 metum
1197 2368 1304 2426 raritas

331 2456 430 2523 auget.
453 2449 552 2508 levius
568 2450 709 2508 accidunt
724 2450 895 2520 familiaria,
912 2449 964 2524 [et]
983 2465 1022 2508 ex
1038 2448 1160 2509 insolito
1177 2451 1304 2510 formido

330 2534 428 2591 maior
449 2539 505 2592 est.
530 2532 628 2605 Quare
649 2540 749 2591 autem
772 2532 936 2606 quicquam
957 2533 1047 2591 nobis
1069 2532 1225 2591 insolitum
1241 2539 1305 2592 est?

332 2618 403 2689 quia
419 2624 555 2675 naturam
572 2617 686 2689 oculis,
704 2633 763 2675 uon
780 2617 898 2676 ratione
913 2614 1191 2690 conprehendimus
1206 2630 1304 2691 neque

333 2699 517 2774 cogitamus,
537 2699 609 2773 quid
624 2694 675 2759 illa
689 2701 790 2758 lacere
802 2699 916 2773 possit,
935 2700 990 2758 sed
1005 2706 1119 2757 tantum
1136 2698 1210 2772 quid
1227 2701 1302 2759 lece·

330 2783 377 2841 rit.
413 2784 520 2843 damus
541 2784 643 2856 itaque
663 2783 755 2841 buius
777 2784 985 2856 neglegentiae
1005 2798 1122 2856 poenus
1150 2790 1303 2857 tanlquam

211 2887 214 2890 ·
299 2867 419 2925 bnovis
441 2867 549 2938 territi,
572 2883 640 2925 cum
660 2867 710 2924 illa
725 2883 784 2925 non
801 2868 861 2925 sint
876 2882 969 2937 nova,
992 2866 1046 2925 sed
1062 2865 1195 2926 insolita.
1229 2866 1303 2939 Quid

331 2955 426 3020 ergot
446 2963 506 3007 non
522 2948 696 3022 religionem
713 2950 817 3008 incutit
830 2951 979 3007 mentibus
992 2958 1022 3008 et
1035 2950 1158 3022 quidem
1174 2949 1303 3024 publice,

332 3030 398 3090 sive
413 3032 546 3090 deficere
568 3034 614 3091 sol
629 3032 714 3091 visus
735 3042 798 3106 est,
820 3034 886 3092 sive
909 3035 994 3103 luna,
1018 3034 1105 3092 cuius
1128 3032 1302 3093 obscuratio

331 3115 534 3190 frequentior,
550 3124 602 3175 aut
615 3122 701 3189 parte
716 3118 763 3175 sui
776 3124 826 3176 aut
841 3122 903 3175 tota
918 3116 1054 3176 delituitt
1074 3118 1230 3192 longeque
1244 3132 1303 3175 ma·

331 3199 378 3273 gis
402 3198 470 3258 illae
490 3205 576 3259 actae
597 3202 625 3257 in
642 3206 848 3260 transversum
866 3200 950 3278 laces
965 3208 995 3259 et
1010 3200 1087 3259 coeli
1107 3216 1218 3274 magna
1233 3216 1303 3275 pars

335 3283 447 3342 ardens
469 3292 498 3342 et
520 3284 625 3342 crinita
646 3283 748 3342 sidera
769 3290 798 3342 et
822 3284 927 3357 plures
950 3283 1025 3343 solis
1046 3283 1138 3342 orbes
1154 3291 1186 3343 et
1201 3284 1304 3343 stellae

332 3381 388 3438 per
403 3366 482 3425 diem
494 3365 580 3425 visae
594 3367 746 3439 subitique
759 3376 953 3427 transcursus
966 3366 1079 3439 ignium
1094 3366 1219 3427 multam
1236 3372 1304 3440 post

302 3456 320 3507 l
336 3465 371 3509 se
391 3449 488 3508 lucem
511 3450 699 3508 trabentium.
732 3450 809 3509 Nihil
824 3451 932 3510 horum
948 3451 1014 3510 sine
1029 3454 1136 3509 timore
1152 3449 1303 3510 miramur.

333 3540 363 3591 et
377 3548 445 3591 cum
458 3531 582 3593 timendi
598 3535 635 3592 sit
650 3549 744 3592 causa
764 3534 900 3607 nescire,
922 3550 984 3594 non
999 3542 1047 3594 est
1060 3534 1133 3593 tanti
1149 3534 1246 3606 scire,
1269 3548 1304 3592 ne

332 3616 463 3676 timeast
478 3625 607 3692 -quantc
630 3618 724 3677 satius
745 3626 793 3678 est
813 3633 924 3677 causas
940 3618 1107 3692 inquirere,
1133 3625 1164 3677 et
1184 3618 1303 3693 quidem

332 3704 396 3759 toto
417 3698 448 3759 in
471 3699 531 3760 hoc
553 3700 699 3761 intentum
719 3702 839 3761 animat
864 3702 1059 3777 nequeenim
1074 3701 1125 3763 illo
1140 3703 1303 3779 quicquam
