2942 4384
417 475 558 536 NATUR.
574 475 737 548 QUAEST.
755 476 828 534 LlB.
842 476 906 535 vtt.
928 485 1025 538 1—4.
1150 478 1213 541 299

235 629 366 687 invecta.
403 626 593 685 Democritus
610 641 753 700 quoque,
781 625 997 685 subtilissimus
1017 628 1211 701 antiquorum

235 710 387 781 omnium,
415 709 566 782 suspicari
588 724 623 767 se
642 709 683 768 ait
699 709 803 782 plures
820 724 891 766 esse
906 710 1024 782 stellas,
1049 727 1128 783 quae
1142 728 1211 771 cur-

183 796 186 804 '
235 800 317 864 rant,
341 792 397 851 sed
413 807 468 851 nec
484 808 640 850 numerum
655 792 771 850 illarum
790 792 893 865 posuit
907 808 964 850 nec
980 794 1115 863 nomina,
1135 812 1209 853 non·

235 878 309 935 dum
331 875 552 948 conprehensis
568 875 703 948 quinque
726 873 859 933 siderum
876 875 1025 935 cursibus.
1061 877 1209 937 Eudoxus

236 961 353 1033 primus
369 957 406 1016 ab
418 961 561 1034 Aegypto
579 957 635 1017 hos
651 964 751 1016 motus
767 958 794 1014 ln
809 958 964 1017 Graeciam
981 958 1138 1030 transtulit.
1162 960 1210 1020 hic

236 1050 336 1102 tamen
360 1042 398 1099 de
418 1040 545 1100 cometis
567 1040 639 1098 nihil
660 1040 741 1099 dicit.
775 1056 814 1098 cx
834 1057 895 1113 quo
916 1042 1044 1115 adparet
1065 1058 1103 1100 ne
1127 1046 1209 1116 apud

234 1124 409 1201 Aegyptios
433 1124 570 1197 quidem,
601 1123 712 1196 quibus
734 1124 830 1182 maior
851 1124 927 1181 coeli
946 1139 1019 1183 cura
1033 1127 1103 1198 luit,
1131 1127 1209 1185 hanc

236 1217 355 1282 partem
375 1208 569 1266 elaboratam.
608 1207 710 1265 Conon
734 1214 857 1279 postea,
880 1206 1010 1279 diligens
1033 1215 1063 1267 et
1082 1207 1150 1282 ipse
1165 1210 1238 1274 in·3

236 1292 374 1364 quisitor,
399 1289 585 1349 delectiones
602 1289 725 1363 quidem
747 1290 822 1347 solis
840 1297 978 1348 servatas
996 1291 1033 1348 ab
1049 1289 1209 1368 Aegyptiis

236 1374 374 1447 collegit,
397 1374 509 1432 nullam
530 1381 629 1432 autem
646 1373 827 1431 mentionem
843 1373 914 1431 lecit
929 1380 1128 1448 cometarum,
1149 1392 1209 1436 non

234 1458 523 1533 praetermissurus,
552 1459 580 1516 si
608 1456 680 1530 quid
707 1457 856 1528 explorati
890 1457 972 1529 apud
1001 1456 1070 1515 illos
1096 1473 1209 1533 conpe-
1314 1484 1316 1487 ·

234 1542 337 1601 risset.

298 1624 350 1682 lV.
377 1624 444 1683 Duo
466 1628 561 1694 certe,
585 1623 636 1697 qui
653 1623 734 1697 apud
752 1622 921 1682 Chaldaeos
943 1622 1100 1683 studuisse
1115 1640 1150 1683 se
1165 1625 1236 1685 di·1

236 1714 323 1777 cunt,
346 1706 498 1780 Epigenes
520 1715 550 1766 ct
565 1707 748 1780 Apollonius
763 1706 924 1782 Myndius,
947 1707 1149 1780 peritissimus
1164 1706 1210 1767 in·

235 1790 464 1864 spiciendorum
479 1790 698 1861 natlurJalium,
721 1790 848 1848 intense
864 1790 1027 1849 dissident=
1049 1790 1098 1850 hic
1110 1800 1210 1851 autem

235 1876 279 1933 ait
298 1880 433 1933 cometas
454 1873 483 1931 in
505 1888 628 1932 numero
652 1874 806 1932 stellarum
824 1872 987 1931 errantium
1004 1873 1076 1948 poni
1090 1891 1108 1933 a
1124 1874 1209 1934 Chal>

235 1958 323 2017 dacis
345 1957 501 2029 tenerique
522 1972 631 2016 cursus
656 1972 771 2016 eorum.
813 1955 1006 2029 Epigenes
1029 1965 1135 2017 contra
1161 1958 1211 2017 ait

236 2040 407 2100 Chaldaeos
428 2038 500 2098 nihil
518 2041 555 2098 de
572 2041 698 2099 cometis
714 2040 828 2099 habere
843 2039 1061 2113 conprehensi,
1085 2040 1141 2100 sed
1155 2042 1209 2098 vi-

236 2123 320 2182 deri
340 2122 432 2183 illos
455 2125 616 2183 accendi
641 2124 793 2182 turbine
816 2124 978 2197 quodam
998 2122 1101 2182 aeris
1120 2140 1209 2182 con·

236 2204 349 2266 citati
378 2214 414 2265 et
441 2205 586 2265 intorti.
627 2206 788 2265 Primum
815 2222 924 2279 ergo,
954 2207 981 2265 si
1004 2206 1057 2265 tibi
1082 2208 1238 2280 videtum

236 2288 446 2363 opiniones
469 2289 1096 2366 huiusponamusacrelellanrus.
1132 2290 1210 2351 Huic

237 2373 356 2432 videtur
371 2372 530 2445 plurimum
546 2376 651 2434 virium
668 2374 780 2433 habere
793 2374 833 2433 ad
845 2389 951 2432 omnes
965 2375 1134 2433 sublimium
1146 2391 1209 2453 mo-

236 2463 286 2515 tus
301 2458 388 2514 stella
403 2455 539 2515 Saturni:
562 2459 657 2529 „haec
672 2473 741 2516 cum
757 2457 894 2532 proxima
907 2458 994 2529 signa
1006 2458 1093 2517 llllarti
1103 2458 1211 2533 premit

237 2547 289 2597 aut
311 2538 364 2610 [in]
388 2540 477 2598 lunae
499 2541 638 2599 viciniam
660 2541 766 2600 transit
780 2547 831 2599 aut
845 2543 874 2599 in
891 2540 965 2598 solis
980 2542 1084 2599 incidit
1097 2542 1209 2613 radios,

237 2628 346 2680 natura
361 2630 487 2682 ventosa
499 2632 529 2682 et
538 2623 647 2697 frigida
658 2622 807 2683 contrahit
819 2623 954 2697 pluribus
967 2623 1043 2683 locis
1055 2626 1126 2682 aera
1137 2639 1208 2682 con·

237 2704 411 2778 globatquc.
440 2706 551 2765 deinde
573 2708 598 2765 si
621 2706 725 2767 radios
745 2708 821 2766 solis
841 2708 1025 2781 adsumpsit,
1049 2714 1133 2767 tonat
1154 2707 1208 2766 lul·

236 2795 400 2861 guratque=
423 2788 448 2846 si
470 2789 596 2848 Martem
618 2806 741 2865 quoque
763 2787 1003 2850 consentientem
1022 2790 1127 2861 habet,
1152 2791 1209 2849 lul·

237 2871 339 2929 minat.
374 2871 548 2943 Praeterea,
573 2874 683 2948 inquit,
707 2872 795 2931 aliam
811 2874 965 2932 materiam
982 2872 1094 2933 habent
1112 2873 1238 2937 fulmi-it

237 2970 292 3024 na,
313 2954 401 3012 aliam
423 2955 652 3027 fulgurationes.
682 2973 830 3031 aquarum
846 2956 926 3015 enim
940 2965 970 3016 et
984 2957 1082 3015 omnis
1096 2957 1210 3016 humidi

237 3038 413 3109 evaporatio
437 3039 617 3113 splendores
638 3048 753 3099 tantum
775 3040 853 3099 coeli
872 3041 946 3099 citra
967 3038 1058 3100 ictum
1076 3041 1209 3099 minaces

237 3126 353 3177 movet:
381 3121 432 3179 illa
452 3128 551 3179 autem
567 3124 692 3182 calidior
709 3122 882 3195 sicciorque
898 3130 1045 3182 terrarum
1059 3123 1209 3182 exhalatio

236 3201 362 3262 fulmina
381 3205 528 3263 extundit.
562 3206 676 3264 Trabes
696 3221 770 3262 vero
787 3212 816 3264 et
836 3206 935 3275 laceS,
959 3220 1038 3276 quae
1052 3205 1136 3263 nullo
1151 3203 1210 3263 alio

235 3285 313 3343 inter
327 3301 362 3345 se
377 3305 467 3361 quam
484 3289 688 3361 magnitudine
703 3288 831 3359 distant,
849 3285 908 3345 hoc
923 3287 1015 3346 modo
1030 3288 1120 3346 liunt:
1143 3299 1239 3351 curnt

235 3368 361 3427 humida
385 3378 565 3445 terrenaque
591 3372 619 3429 in
647 3366 682 3430 se
708 3368 818 3444 globus
845 3369 957 3445 aliquis
986 3371 1066 3429 airis
1092 3368 1209 3442 clausit,
1267 3402 1269 3407 ,

236 3466 327 3525 quem
343 3453 491 3512 turbinem
506 3451 649 3527 dicimus,
669 3464 861 3529 quacumque
878 3456 978 3524 fertur,
1000 3454 1126 3528 praebet
1140 3468 1210 3526 spe·
1266 3493 1268 3497 -

236 3534 313 3593 ciem
336 3535 413 3607 ignis
435 3539 563 3610 extenti,
587 3554 666 3611 quac
686 3546 747 3597 tam
768 3539 820 3596 diu
836 3537 938 3608 durat,
962 3535 1106 3609 quamdiu
1128 3552 1210 3593 man-

235 3618 370 3758 sithaeris
385 3619 435 3678 illa
449 3621 611 3694 conplexio
627 3621 742 3681 humidi
755 3620 834 3681 intra
848 3636 883 3680 se
897 3621 1072 3695 terrenique
1086 3620 1211 3681 multum

234 3714 274 3759 ve
297 3706 384 3759 enS.“
