2942 4384
264 462 305 527 16
550 459 583 520 L.
605 458 751 520 ANNAEI
774 458 949 519 SENECAE

264 614 318 677 cit:
341 613 393 689 qui
412 618 472 674 tam
493 622 598 689 parate
620 613 702 685 lecit,
725 620 850 672 nonest
870 612 993 672 dubium
1017 614 1090 689 quin
1108 611 1221 675 libenter

264 699 363 759 iaciat.
389 698 491 771 itaque
511 698 607 757 laetus
623 695 693 755 lacit
708 702 738 754 et
754 694 850 755 induit
865 696 921 755 sibi
939 697 1030 756 animi
1045 696 1095 757 sui
1111 700 1221 758 voltum

235 791 249 843 l
324 781 373 840 lll.
401 778 539 853 Ingentia
559 779 760 852 quorumdam
783 778 931 837 beneficia
952 780 1107 839 silentium
1123 788 1175 840 aut
1188 782 1222 840 lo

263 863 376 941 quendi
397 863 522 921 tarditas
544 862 656 920 imitata
673 861 851 934 gravitatem
871 868 901 920 et
922 862 1070 923 tristitiam
1088 861 1224 937 corrupit,

262 965 330 1009 cum
346 944 552 1022 promitterent
563 946 647 1003 voltu
658 944 841 1017 negantium.
865 952 978 1017 quanto
991 946 1099 1005 melius
1112 946 1225 1005 adicere

260 1031 342 1091 bona
361 1028 455 1088 verba
475 1028 567 1086 rebus
588 1028 677 1088 bunis
699 1034 728 1086 et
750 1027 977 1100 praedieatione
996 1027 1129 1088 humana
1150 1025 1224 1087 beni·

233 1121 382 1189 agnaque
399 1111 612 1170 commendare
633 1124 711 1183 quae
734 1116 890 1184 praestes!
926 1111 966 1170 Ut
981 1110 1081 1194 illese
1096 1106 1224 1185 castiget

264 1196 348 1272 quod
373 1193 488 1254 tardior
512 1194 541 1251 ln
562 1194 699 1266 rogando
721 1193 794 1265 luit,
822 1192 938 1253 adicias
962 1192 1033 1252 licet
1056 1194 1226 1253 familiarem

263 1278 433 1355 querelam:
456 1275 592 1349 „irascor
606 1276 673 1346 tibi,
695 1276 863 1348 quodcum
879 1275 994 1348 aliquid
1008 1276 1225 1346 desiderasses,

262 1379 322 1423 non
346 1361 416 1421 olim
437 1358 517 1419 scire
537 1375 585 1418 me
599 1359 738 1434 voluisti,
760 1358 844 1432 quod
859 1366 920 1417 tam
934 1358 1095 1433 diligenter
1107 1358 1226 1433 rogasti,

263 1445 347 1521 quod
360 1458 541 1519 quemquam
553 1442 727 1501 adhibuisti.
749 1457 807 1515 ego
819 1457 893 1500 vero
905 1444 1040 1515 gratulor
1050 1442 1134 1515 milri,
1151 1440 1228 1517 quod

263 1528 395 1602 experiri
412 1526 541 1585 animum
557 1540 658 1583 meum
672 1526 771 1584 libuit:
796 1531 905 1597 postea
917 1524 1063 1599 quicquid
1078 1526 1227 1585 desidera·

263 1612 326 1684 bis,
351 1618 402 1670 tuo
423 1608 487 1667 iure
509 1607 625 1680 exiges.
653 1610 748 1667 semel
772 1608 929 1667 rusticitati
949 1614 1018 1667 tuae
1035 1608 1228 1681 ignoscitur.“

235 1693 314 1753 asic
329 1692 460 1764 efficies,
482 1698 515 1750 ut
531 1691 661 1749 animum
675 1692 765 1750 'tuum
781 1691 877 1764 pluris
893 1691 1030 1751 aestimet
1044 1708 1137 1765 quam
1153 1690 1228 1763 illud,

265 1775 411 1851 quiequid
439 1782 506 1847 est,
531 1774 570 1832 ad
596 1774 680 1847 quod
709 1773 873 1847 petendum
899 1782 1032 1834 venerat.
1074 1775 1159 1833 Tunc
1188 1779 1230 1831 est

264 1875 382 1919 summa
400 1858 495 1915 virtus
516 1855 689 1929 tribuentis,
715 1865 787 1916 tunc
807 1855 993 1929 benignitas
1015 1856 1068 1917 ubi
1090 1858 1157 1929 ille,
1183 1852 1230 1929 qni

248 1941 421 2011 discessit,
441 1940 520 1999 dicet
534 1937 607 1998 sibi:
634 1955 797 2013 „magnum
814 1939 905 1998 hodie
919 1939 1036 1999 lucrum
1051 1939 1119 1997 leci.
1155 1940 1229 1997 malo

265 2026 347 2101 quod
369 2026 450 2084 illum
473 2025 560 2083 talem
581 2022 699 2096 inveni,
723 2039 815 2097 quam
836 2023 862 2081 si
877 2022 1105 2097 multiplicatum
1121 2021 1181 2081 hoc
1194 2017 1231 2079 ad

264 2125 312 2169 me
330 2109 456 2182 [dequo
472 2106 631 2181 loquebar]
648 2107 706 2165 alia
719 2106 771 2165 via
786 2103 987 2179 pervenisset.
1010 2104 1081 2165 huic
1093 2105 1160 2176 eius
1172 2102 1231 2164 aui·

263 2208 312 2252 mo
328 2206 493 2264 numquam
510 2204 612 2264 parem
629 2190 759 2248 releram
774 2188 931 2262 gratiam.“

235 2288 250 2339 1
324 2275 375 2332 lV.
391 2274 432 2332 At
442 2273 581 2346 plerique
590 2278 668 2344 sunt,
682 2272 732 2346 qui
740 2272 890 2331 beneficia
898 2271 1061 2346 asperitate
1070 2269 1233 2331 verborum

264 2366 294 2417 et
316 2356 478 2430 supercilio
496 2354 525 2413 in
541 2355 642 2416 odium
662 2355 817 2415 adducunt
832 2372 870 2414 eo
889 2354 1108 2427 sermoneusi,
1132 2369 1170 2412 ea
1184 2369 1232 2413 su-

265 2439 385 2515 perbia,
412 2445 445 2498 ut
465 2438 636 2512 inpetrasse
659 2437 821 2512 poeniteat.
850 2438 927 2496 aliae
949 2439 1060 2497 deinde
1082 2444 1154 2511 post
1170 2451 1232 2494 rem

264 2522 446 2597 promissam
467 2530 636 2595 sequuntur
659 2537 778 2580 morae:
804 2521 877 2580 nihil
897 2528 997 2581 autem
1018 2528 1065 2579 est
1085 2520 1233 2593 acerbius,

235 2619 352 2682 aquam
375 2605 427 2665 ubi
450 2620 574 2678 quoque
595 2604 676 2679 quod
700 2605 872 2679 inpetrasti‚
893 2604 1062 2678 rogandum
1084 2610 1140 2661 est.
1176 2604 1234 2662 Re-

263 2687 487 2766 praesentanda
503 2695 574 2747 sunt
587 2688 750 2760 beneficia,
773 2704 852 2762 quae
867 2686 1079 2762 aquibusdam
1093 2686 1234 2759 accipere

264 2773 416 2832 dilficilius
439 2778 487 2829 est
504 2788 594 2844 quam
616 2773 782 2846 inpetrare:
804 2770 854 2829 hic
875 2770 1032 2843 rogandus
1054 2776 1114 2841 est,
1135 2776 1168 2829 ut
1182 2770 1234 2827 ad·

264 2861 399 2923 moneat,
428 2853 478 2911 ille
497 2860 530 2911 ut
551 2860 756 2912 consummet:
785 2854 829 2912 sic
851 2871 944 2913 unum
964 2869 1074 2912 munus
1089 2867 1146 2925 per·
1160 2852 1234 2910 mul-

263 2946 363 2998 torum
378 2935 482 2995 teritur
496 2951 619 3009 marrus,
643 2951 681 2994 ex
698 2952 759 3009 quo
774 2937 888 3009 gratiae
903 2936 1055 2995 minimum
1067 2936 1151 3009 apud
1164 2951 1234 3008 pro·

263 3021 426 3080 mittentem
447 3025 597 3092 remanet,
624 3019 694 3093 quia
714 3019 832 3079 auctori
853 3018 983 3078 detrahit
1004 3018 1146 3092 quisquis
1165 3023 1235 3091 post

236 3102 346 3164 sillan
368 3102 524 3175 rogandus
546 3109 601 3161 est.
638 3103 705 3163 Hoc
720 3103 822 3177 itaque
837 3118 928 3161 curae
942 3101 1086 3174 babebis,
1110 3100 1137 3159 si
1152 3109 1235 3174 grate

265 3184 419 3248 aestimari
434 3201 513 3259 quae
527 3186 698 3259 praestabis
709 3188 812 3258 voles,
834 3192 868 3245 ut
879 3185 1029 3244 beneficia
1041 3192 1091 3244 tua
1102 3183 1235 3256 inlibata,

264 3278 297 3332 ut
311 3272 428 3344 integra
439 3269 478 3327 ad
490 3285 560 3343 eoS,
577 3268 688 3345 quibus
700 3269 853 3343 promissa
865 3277 948 3339 sunt,
966 3268 1153 3343 perveniant,
1169 3268 1235 3326 siue

265 3356 327 3415 ulla
348 3353 430 3428 quod
450 3354 533 3412 aiunt
548 3353 739 3413 deductione.
769 3368 858 3412 nemo
874 3352 924 3412 illa
938 3352 1122 3425 intercipiat,
1145 3366 1235 3411 nemo

266 3438 411 3497 detineat:
440 3450 529 3495 nemo
551 3435 581 3494 in
604 3452 657 3511 eo,
686 3436 770 3511 quod
791 3436 914 3495 daturus
937 3452 985 3509 es,
1007 3433 1135 3509 gratiam
1150 3450 1235 3494 suam

184 3575 187 3580 4
266 3521 367 3579 lacere
382 3526 498 3594 potest,
522 3525 628 3578 utnon
643 3526 726 3579 tuam
740 3520 863 3578 minuat.

238 3613 251 3661 1
327 3604 365 3660 V.
387 3601 466 3661 Nihil
480 3616 579 3675 aeque
594 3616 727 3661 amarum
745 3618 835 3676 quam
850 3602 902 3668 diu
919 3602 1062 3675 pendere.
1090 3601 1235 3675 aequiore

268 3683 390 3759 quidam
415 3686 514 3746 animo
537 3687 637 3746 lerunt
660 3685 796 3761 praecidi
818 3701 904 3761 spem
929 3701 1015 3746 suam
1037 3701 1128 3760 quam
1149 3682 1235 3745 trahi.

649 3846 666 3877 ἱ
