2942 4384
317 477 380 540 308
606 479 639 537 L.
660 478 808 538 ANNAEI
830 478 1005 538 SENECAE

288 628 372 688 tsed
395 629 551 703 procerior
571 635 601 687 et
618 629 647 687 in
669 629 792 702 longum
814 628 972 702 producta.
1006 629 1142 688 Ceterum
1163 639 1287 691 nonest

316 712 357 771 illi
374 714 472 785 palam
488 728 611 772 cursus:
634 713 741 771 altiora
755 712 859 770 mundi
877 719 962 771 secat
976 718 1006 771 et
1019 720 1090 771 tunc
1101 714 1223 773 demum
1236 716 1286 773 ad-

316 802 417 869 paret,
446 810 513 853 eum
534 795 564 853 in
586 796 676 853 imum
698 811 807 854 cursus
835 795 882 853 sui
904 794 994 853 venit.
1036 795 1098 853 Nec
1117 804 1178 869 est,
1205 798 1286 871 quod

317 886 458 951 putemus
483 878 621 937 eumdem
643 878 741 936 visum
767 893 838 937 esse
864 878 920 937 sub
942 878 1086 951 Claudio,
1114 895 1208 952 quem.
1231 880 1286 940 sub

316 964 456 1035 Augusto
472 961 611 1019 vidimus.
634 977 691 1019 nec
705 961 801 1031 hunc,
821 962 872 1033 qui
888 961 945 1019 sub
960 962 1080 1020 Nerone
1093 962 1225 1021 Caesare
1236 963 1286 1021 ad-

317 1044 417 1117 paruit
435 1051 465 1102 et
486 1045 612 1102 cometis
634 1044 764 1103 detraxit
783 1042 950 1116 infamiam,
971 1044 1013 1102 illi
1034 1045 1161 1103 similem
1183 1048 1285 1116 luisse,

317 1127 369 1199 qui
390 1133 466 1201 [post
484 1132 593 1197 aecem]
617 1127 677 1185 divi
698 1127 763 1185 lulii
783 1127 922 1185 Veneris
936 1126 1014 1185 ludis
1031 1127 1192 1187 Genitricis
1208 1129 1287 1188 circa

288 1210 506 1272 duodecimam
522 1210 627 1268 horam
640 1209 698 1267 diei
715 1210 845 1269 emersit.
880 1210 965 1269 Multi
979 1209 1117 1283 variique
1131 1220 1211 1282 sunt,
1227 1213 1286 1271 dis·

317 1309 407 1367 stares
432 1292 652 1366 magnitudine,
680 1290 843 1358 dissimiles
870 1294 994 1351 colore:
1028 1292 1095 1351 aliis
1120 1295 1216 1352 rubor
1241 1304 1287 1354 est

317 1377 383 1434 sine
397 1377 457 1435 ulla
473 1378 555 1447 luce,
573 1374 640 1433 aliis
656 1375 771 1434 candor
785 1382 815 1434 et
828 1392 936 1450 purum
951 1375 1160 1451 liquidumque
1176 1378 1286 1449 lumen,

316 1459 383 1517 aliis
398 1458 519 1517 llamma
534 1459 652 1517 ethaeo
667 1474 728 1519 non
746 1458 865 1517 sincera
881 1474 936 1516 nec
950 1460 1065 1531 tenuis,
1089 1460 1146 1518 sed
1161 1461 1284 1520 multum

316 1541 397 1600 eirca
409 1559 443 1601 se
454 1542 580 1602 volvens
593 1542 697 1600 lumidi
708 1542 838 1600 ardoris.
860 1541 974 1599 cruenti
987 1543 1124 1615 quidam,
1141 1544 1284 1614 minaces,

316 1626 368 1698 qui
384 1641 472 1684 omen
487 1632 558 1698 post
574 1640 609 1683 se
626 1626 714 1683 laturi
729 1623 887 1697 sanguinis
904 1626 1016 1683 lerunt:
1037 1624 1067 1682 hi
1083 1627 1221 1686 minuunt
1235 1642 1285 1685 au-

315 1715 448 1781 gentque
468 1709 568 1766 lumen
591 1723 692 1777 suum,
717 1707 972 1779 quemadmodum
993 1708 1052 1766 alia
1067 1707 1184 1780 sidera,
1208 1725 1286 1782 quae

316 1791 457 1861 clariora,
481 1806 549 1848 cum
565 1790 769 1861 descendere,
791 1797 861 1849 sunt
875 1789 1066 1862 maioraque,
1084 1792 1155 1864 quia
1166 1807 1204 1849 ex
1218 1794 1285 1851 loco

315 1872 460 1947 propiore
479 1874 626 1945 visuntur,
648 1873 779 1947 minora,
801 1889 869 1931 cum
883 1873 1024 1947 redeunt,
1047 1881 1077 1933 el
1096 1873 1284 1945 obscuriora,

316 1956 387 2031 quia
403 1956 558 2015 abducunt
572 1972 605 2014 se
620 1956 773 2029 longius.“

287 2049 300 2098 1
374 2040 481 2098 XVlll.
506 2039 706 2099 Adversus
726 2039 799 2098 hoc
821 2041 998 2114 protinus
1020 2042 1285 2114 respondetur

315 2139 375 2181 non
396 2122 476 2180 idem
492 2122 630 2180 accidere
646 2121 674 2179 in
692 2122 834 2195 cometis,
857 2124 940 2196 quod
955 2122 985 2182 in
1001 2123 1120 2182 ceteris.
1148 2133 1285 2183 cometae

315 2205 394 2263 enim
416 2219 477 2279 quo
500 2204 625 2278 primum
648 2205 697 2263 die
720 2205 931 2278 adparuerint,
954 2205 1075 2263 maximi
1093 2215 1172 2265 sunt.
1201 2210 1284 2281 atqui

315 2289 461 2347 deberent
477 2302 630 2359 crescere,
653 2304 713 2359 quo
727 2290 856 2362 propias
871 2288 1065 2347 accederent:
1087 2305 1168 2347 nunc
1185 2299 1285 2349 autem

314 2378 414 2428 rnanet
428 2370 486 2428 illis
503 2370 598 2443 prima
610 2370 719 2442 iacies,
735 2371 835 2429 donec
846 2370 991 2444 incipiant
1002 2372 1163 2445 exstingui.
1195 2373 1283 2431 Dein—

276 2437 281 2462 ¹
315 2453 354 2511 de
369 2453 451 2526 quod
473 2454 622 2512 adversus
640 2454 772 2527 priores,
796 2455 885 2513 etiam
900 2455 1049 2513 adversus
1065 2454 1145 2512 hunc
1160 2455 1284 2515 dicitur:

314 2537 340 2595 si
356 2543 469 2595 erraret
483 2544 616 2596 cometes
631 2546 775 2611 essetque
787 2538 888 2608 sidus,
904 2536 982 2595 intra
992 2537 1128 2609 signiferi
1140 2539 1284 2598 terminos

313 2629 500 2692 moveretur,
528 2620 605 2678 intra
627 2637 706 2693 quos
727 2635 816 2679 omne
837 2620 924 2679 sidus
944 2636 1053 2679 cursus
1071 2637 1146 2680 suos
1163 2622 1284 2695 colligit.

286 2703 481 2776 2Numquam
502 2703 629 2776 adparet
648 2705 735 2762 stella
755 2719 810 2776 per
830 2704 956 2762 stellam.
989 2704 1071 2762 acies
1095 2709 1197 2762 nostra
1225 2721 1283 2763 non

314 2794 417 2862 potest
431 2802 486 2861 per
501 2786 633 2844 medium
647 2787 732 2845 sidus
748 2787 845 2856 exire,
868 2792 901 2845 ut
916 2802 970 2859 per
984 2787 1057 2844 illud
1072 2787 1200 2845 editiora
1217 2805 1283 2860 pro-

315 2869 436 2941 spiciam
457 2885 512 2943 per
528 2876 665 2928 cometen
683 2876 782 2928 autem
802 2886 861 2929 non
884 2869 969 2929 aliter
987 2885 1077 2943 quam
1100 2885 1155 2942 per
1174 2871 1283 2928 nubem

314 2950 457 3009 ulteriora
470 2958 646 3009 cernuntur:
669 2967 707 3009 ex
723 2969 784 3024 quo
796 2954 923 3026 adparet
936 2953 1018 3011 illum
1031 2969 1091 3012 non
1103 2968 1174 3011 esse
1187 2954 1283 3025 sidus

315 3034 371 3092 sed
387 3034 484 3091 levem
500 3034 598 3106 ignem
614 3049 650 3091 ac
664 3035 899 3093 tumultuarium.

285 3128 300 3178 1
346 3156 347 3159 =
374 3116 450 3175 XIX.
471 3117 598 3177 Zenon
616 3124 751 3176 noster
771 3116 1188 3178 inillasenteotiaest=
1213 3135 1282 3177 oon·

313 3216 421 3275 gruere
443 3200 556 3260 iudicat
576 3201 680 3260 stellas
700 3208 729 3260 et
743 3202 848 3261 radios
862 3202 940 3260 inter
954 3217 989 3260 se
1004 3202 1198 3263 committere.
1228 3204 1283 3261 lrac

314 3282 459 3343 societate
483 3284 604 3342 luminis
630 3284 779 3343 exsistere
803 3285 962 3357 imaginem
991 3285 1097 3344 stellae
1126 3287 1281 3358 longioris.

312 3368 392 3441 Ergo
412 3368 563 3439 quidam
584 3368 683 3426 nullos
700 3383 771 3426 esse
786 3375 921 3426 camelas
933 3366 1119 3437 existimant,
1144 3370 1201 3427 sed
1214 3385 1281 3442 spe·

314 3452 389 3510 ciem
407 3451 525 3509 illorum
548 3466 603 3523 per
622 3451 886 3524 repercussionem
903 3452 1068 3510 vicinorum
1084 3452 1218 3509 siderum
1234 3460 1284 3512 aut

285 3543 368 3607 aper
386 3533 628 3593 coniunctionem
650 3533 875 3593 cohaerentium
890 3534 986 3592 reddi.
1023 3532 1178 3607 Quidam
1202 3536 1284 3594 aiunt

313 3632 383 3675 esse
396 3617 532 3690 quidem,
557 3617 612 3676 sed
628 3616 739 3674 habere
755 3633 864 3676 cursus
880 3632 953 3676 suos
969 3623 999 3675 et
1013 3625 1084 3690 post
1094 3625 1177 3677 certa
1189 3619 1284 3677 lustra

309 3700 341 3756 in
358 3708 556 3775 conspectum
571 3700 740 3760 mortalium
756 3702 848 3761 exire.
882 3700 1042 3773 Quidam
1060 3715 1130 3760 esse
1149 3702 1282 3775 quidem,
