<?xml version="1.0" encoding="UTF-8"?>
<!DOCTYPE html PUBLIC "-//W3C//DTD XHTML 1.0 Transitional//EN"
    "http://www.w3.org/TR/xhtml1/DTD/xhtml1-transitional.dtd">
<html xmlns="http://www.w3.org/1999/xhtml" xml:lang="en" lang="en">
 <head>
  <title>
</title>
<meta http-equiv="Content-Type" content="text/html;charset=utf-8" />
  <meta name='ocr-system' content='tesseract 3.04.00' />
  <meta name='ocr-capabilities' content='ocr_page ocr_carea ocr_par ocr_line ocrx_word'/>
</head>
<body>
  <div class='ocr_page' id='page_1' title='image "./lannaeisenecaeo07senegoog_0123.png"; bbox 0 0 2942 4384; ppageno 0'>
   <div class='ocr_carea' id='block_1_1' title="bbox 413 458 1180 528">
    <p class='ocr_par' dir='ltr' id='par_1_1' title="bbox 413 458 1180 528">
     <span class='ocr_line' id='line_1_1' title="bbox 413 458 1180 528; baseline 0.013 -10"><span class='ocrx_word' id='word_1_1' title='bbox 413 458 464 518; x_wconf 78' lang='lat' dir='ltr'>ott</span> <span class='ocrx_word' id='word_1_2' title='bbox 483 460 696 521; x_wconf 80' lang='lat' dir='ltr'>BENEFICiiS</span> <span class='ocrx_word' id='word_1_3' title='bbox 718 461 791 522; x_wconf 90' lang='lat' dir='ltr'>LlB.</span> <span class='ocrx_word' id='word_1_4' title='bbox 803 464 855 522; x_wconf 87' lang='lat' dir='ltr'>Vl.</span> <span class='ocrx_word' id='word_1_5' title='bbox 876 470 974 527; x_wconf 82' lang='grc'><strong>4-7.</strong></span> <span class='ocrx_word' id='word_1_6' title='bbox 1119 462 1180 528; x_wconf 94' lang='grc'>111</span> 
     </span>
    </p>
   </div>
   <div class='ocr_carea' id='block_1_2' title="bbox 190 610 1271 3756">
    <p class='ocr_par' dir='ltr' id='par_1_2' title="bbox 190 610 1271 1765">
     <span class='ocr_line' id='line_1_2' title="bbox 200 610 1181 687; baseline 0.007 -16"><span class='ocrx_word' id='word_1_7' title='bbox 200 611 373 687; x_wconf 83' lang='lat' dir='ltr'><strong>propriam,</strong></span> <span class='ocrx_word' id='word_1_8' title='bbox 394 617 455 670; x_wconf 90' lang='lat' dir='ltr'>tam</span> <span class='ocrx_word' id='word_1_9' title='bbox 469 610 641 670; x_wconf 82' lang='lat' dir='ltr'>mehercule</span> <span class='ocrx_word' id='word_1_10' title='bbox 656 628 746 685; x_wconf 86' lang='lat' dir='ltr'>quam</span> <span class='ocrx_word' id='word_1_11' title='bbox 761 613 880 672; x_wconf 80' lang='lat' dir='ltr'>turtum.</span> <span class='ocrx_word' id='word_1_12' title='bbox 907 612 1093 675; x_wconf 84' lang='lat' dir='ltr'>Beneficium</span> <span class='ocrx_word' id='word_1_13' title='bbox 1107 615 1181 678; x_wconf 83' lang='lat' dir='ltr'>nutri</span> 
     </span>
     <span class='ocr_line' id='line_1_3' title="bbox 198 694 1181 772; baseline 0.006 -19"><span class='ocrx_word' id='word_1_14' title='bbox 198 695 259 769; x_wconf 89' lang='lat' dir='ltr'>tegi</span> <span class='ocrx_word' id='word_1_15' title='bbox 275 694 446 753; x_wconf 87' lang='lat' dir='ltr'>subiectum</span> <span class='ocrx_word' id='word_1_16' title='bbox 461 702 524 753; x_wconf 83' lang='lat' dir='ltr'>cst:</span> <span class='ocrx_word' id='word_1_17' title='bbox 546 709 593 752; x_wconf 92' lang='lat' dir='ltr'>me</span> <span class='ocrx_word' id='word_1_18' title='bbox 608 694 721 754; x_wconf 90' lang='lat' dir='ltr'>arbitro</span> <span class='ocrx_word' id='word_1_19' title='bbox 736 695 836 754; x_wconf 90' lang='lat' dir='ltr'>utitur.</span> <span class='ocrx_word' id='word_1_20' title='bbox 865 695 935 756; x_wconf 85' lang='lat' dir='ltr'>ticet</span> <span class='ocrx_word' id='word_1_21' title='bbox 952 713 999 755; x_wconf 93' lang='lat' dir='ltr'>me</span> <span class='ocrx_word' id='word_1_22' title='bbox 1012 714 1181 772; x_wconf 87' lang='lat' dir='ltr'>conparare</span> 
     </span>
     <span class='ocr_line' id='line_1_4' title="bbox 198 776 1178 852; baseline 0.003 -15"><span class='ocrx_word' id='word_1_23' title='bbox 198 777 280 837; x_wconf 86' lang='lat' dir='ltr'>inter</span> <span class='ocrx_word' id='word_1_24' title='bbox 294 793 338 851; x_wconf 88' lang='lat' dir='ltr'>sc,</span> <span class='ocrx_word' id='word_1_25' title='bbox 355 786 499 851; x_wconf 87' lang='lat' dir='ltr'>quantum</span> <span class='ocrx_word' id='word_1_26' title='bbox 516 776 663 850; x_wconf 79' lang='lat' dir='ltr'>profuerit</span> <span class='ocrx_word' id='word_1_27' title='bbox 674 777 746 835; x_wconf 89' lang='lat' dir='ltr'>mibi</span> <span class='ocrx_word' id='word_1_28' title='bbox 759 779 891 852; x_wconf 81' lang='lat' dir='ltr'>quisque</span> <span class='ocrx_word' id='word_1_29' title='bbox 902 786 954 839; x_wconf 86' lang='lat' dir='ltr'>aut</span> <span class='ocrx_word' id='word_1_30' title='bbox 966 788 1111 852; x_wconf 87' lang='lat' dir='ltr'>quantum</span> <span class='ocrx_word' id='word_1_31' title='bbox 1125 799 1178 841; x_wconf 92' lang='lat' dir='ltr'>no·</span> 
     </span>
     <span class='ocr_line' id='line_1_5' title="bbox 199 860 1178 934; baseline 0.003 -14"><span class='ocrx_word' id='word_1_32' title='bbox 199 861 313 932; x_wconf 87' lang='lat' dir='ltr'>cuerit,</span> <span class='ocrx_word' id='word_1_33' title='bbox 343 867 404 918; x_wconf 90' lang='lat' dir='ltr'>turn</span> <span class='ocrx_word' id='word_1_34' title='bbox 425 860 633 933; x_wconf 88' lang='lat' dir='ltr'>pronuntiare,</span> <span class='ocrx_word' id='word_1_35' title='bbox 661 866 760 918; x_wconf 92' lang='lat' dir='ltr'>utrum</span> <span class='ocrx_word' id='word_1_36' title='bbox 783 864 852 934; x_wconf 92' lang='lat' dir='ltr'>plus</span> <span class='ocrx_word' id='word_1_37' title='bbox 874 862 1022 922; x_wconf 73' lang='lat' dir='ltr'>debeatur</span> <span class='ocrx_word' id='word_1_38' title='bbox 1042 863 1114 922; x_wconf 89' lang='lat' dir='ltr'>mihi</span> <span class='ocrx_word' id='word_1_39' title='bbox 1141 882 1178 924; x_wconf 92' lang='lat' dir='ltr'>an</span> 
     </span>
     <span class='ocr_line' id='line_1_6' title="bbox 199 942 1206 1017; baseline -0.002 -14"><span class='ocrx_word' id='word_1_40' title='bbox 199 944 341 1003; x_wconf 82' lang='lat' dir='ltr'>debeam.</span> <span class='ocrx_word' id='word_1_41' title='bbox 377 943 410 1000; x_wconf 93' lang='lat' dir='ltr'>ln</span> <span class='ocrx_word' id='word_1_42' title='bbox 428 942 487 1001; x_wconf 83' lang='lat' dir='ltr'>iilis</span> <span class='ocrx_word' id='word_1_43' title='bbox 502 943 572 1000; x_wconf 87' lang='lat' dir='ltr'>nihii</span> <span class='ocrx_word' id='word_1_44' title='bbox 589 951 637 1002; x_wconf 90' lang='lat' dir='ltr'>cst</span> <span class='ocrx_word' id='word_1_45' title='bbox 652 951 775 1002; x_wconf 88' lang='lat' dir='ltr'>nostrae</span> <span class='ocrx_word' id='word_1_46' title='bbox 789 945 958 1017; x_wconf 87' lang='lat' dir='ltr'>potestatis.</span> <span class='ocrx_word' id='word_1_47' title='bbox 983 948 1115 1005; x_wconf 91' lang='lat' dir='ltr'>eundum</span> <span class='ocrx_word' id='word_1_48' title='bbox 1133 949 1206 1007; x_wconf 68' lang='lat' dir='ltr'>esti</span> 
     </span>
     <span class='ocr_line' id='line_1_7' title="bbox 199 1025 1178 1104; baseline 0.005 -20"><span class='ocrx_word' id='word_1_49' title='bbox 199 1042 261 1099; x_wconf 88' lang='lat' dir='ltr'>qna</span> <span class='ocrx_word' id='word_1_50' title='bbox 284 1026 440 1084; x_wconf 80' lang='lat' dir='ltr'><strong>ducimur:</strong></span> <span class='ocrx_word' id='word_1_51' title='bbox 460 1025 496 1082; x_wconf 51' lang='lat' dir='ltr'>‘in</span> <span class='ocrx_word' id='word_1_52' title='bbox 523 1025 671 1085; x_wconf 89' lang='lat' dir='ltr'>beneficio</span> <span class='ocrx_word' id='word_1_53' title='bbox 695 1032 758 1085; x_wconf 89' lang='lat' dir='ltr'>tota</span> <span class='ocrx_word' id='word_1_54' title='bbox 784 1036 921 1100; x_wconf 88' lang='lat' dir='ltr'>potestas</span> <span class='ocrx_word' id='word_1_55' title='bbox 942 1044 1010 1087; x_wconf 88' lang='lat' dir='ltr'>mea</span> <span class='ocrx_word' id='word_1_56' title='bbox 1030 1036 1091 1089; x_wconf 88' lang='lat' dir='ltr'>est:</span> <span class='ocrx_word' id='word_1_57' title='bbox 1119 1045 1178 1104; x_wconf 90' lang='lat' dir='ltr'>ego</span> 
     </span>
     <span class='ocr_line' id='line_1_8' title="bbox 197 1108 1179 1183; baseline 0.006 -15"><span class='ocrx_word' id='word_1_58' title='bbox 197 1109 303 1183; x_wconf 87' lang='lat' dir='ltr'>itaque</span> <span class='ocrx_word' id='word_1_59' title='bbox 318 1108 419 1167; x_wconf 87' lang='lat' dir='ltr'>iudico</span> <span class='ocrx_word' id='word_1_60' title='bbox 435 1108 494 1165; x_wconf 87' lang='lat' dir='ltr'>itta.</span> <span class='ocrx_word' id='word_1_61' title='bbox 516 1124 575 1166; x_wconf 94' lang='lat' dir='ltr'>non</span> <span class='ocrx_word' id='word_1_62' title='bbox 592 1124 703 1182; x_wconf 87' lang='lat' dir='ltr'>separo</span> <span class='ocrx_word' id='word_1_63' title='bbox 718 1125 776 1168; x_wconf 90' lang='lat' dir='ltr'>nec</span> <span class='ocrx_word' id='word_1_64' title='bbox 791 1110 919 1181; x_wconf 87' lang='lat' dir='ltr'>diduco,</span> <span class='ocrx_word' id='word_1_65' title='bbox 940 1113 998 1170; x_wconf 90' lang='lat' dir='ltr'>sed</span> <span class='ocrx_word' id='word_1_66' title='bbox 1012 1113 1135 1172; x_wconf 87' lang='lat' dir='ltr'>iniurias</span> <span class='ocrx_word' id='word_1_67' title='bbox 1149 1121 1179 1174; x_wconf 88' lang='lat' dir='ltr'>et</span> 
     </span>
     <span class='ocr_line' id='line_1_9' title="bbox 197 1190 1178 1267; baseline 0.005 -16"><span class='ocrx_word' id='word_1_68' title='bbox 197 1190 350 1251; x_wconf 80' lang='lat' dir='ltr'>beneficia</span> <span class='ocrx_word' id='word_1_69' title='bbox 369 1191 409 1249; x_wconf 83' lang='lat' dir='ltr'>ed</span> <span class='ocrx_word' id='word_1_70' title='bbox 430 1191 570 1249; x_wconf 89' lang='lat' dir='ltr'>eumdem</span> <span class='ocrx_word' id='word_1_71' title='bbox 593 1192 722 1250; x_wconf 79' lang='lat' dir='ltr'>iudicem</span> <span class='ocrx_word' id='word_1_72' title='bbox 743 1193 843 1252; x_wconf 86' lang='lat' dir='ltr'>mitto:</span> <span class='ocrx_word' id='word_1_73' title='bbox 873 1193 1008 1267; x_wconf 76' lang='lat' dir='ltr'>alioquin</span> <span class='ocrx_word' id='word_1_74' title='bbox 1027 1194 1115 1254; x_wconf 90' lang='lat' dir='ltr'>iubes</span> <span class='ocrx_word' id='word_1_75' title='bbox 1130 1212 1178 1256; x_wconf 92' lang='lat' dir='ltr'>mc</span> 
     </span>
     <span class='ocr_line' id='line_1_10' title="bbox 199 1270 1271 1354; baseline 0.005 -21"><span class='ocrx_word' id='word_1_76' title='bbox 199 1274 311 1333; x_wconf 88' lang='lat' dir='ltr'>codem</span> <span class='ocrx_word' id='word_1_77' title='bbox 333 1281 471 1347; x_wconf 88' lang='lat' dir='ltr'>tempore</span> <span class='ocrx_word' id='word_1_78' title='bbox 494 1281 525 1332; x_wconf 88' lang='lat' dir='ltr'>et</span> <span class='ocrx_word' id='word_1_79' title='bbox 542 1289 643 1332; x_wconf 87' lang='lat' dir='ltr'>amare</span> <span class='ocrx_word' id='word_1_80' title='bbox 666 1282 695 1333; x_wconf 91' lang='lat' dir='ltr'>et</span> <span class='ocrx_word' id='word_1_81' title='bbox 715 1275 835 1354; x_wconf 88' lang='lat' dir='ltr'>odisse,</span> <span class='ocrx_word' id='word_1_82' title='bbox 865 1284 894 1333; x_wconf 92' lang='lat' dir='ltr'>et</span> <span class='ocrx_word' id='word_1_83' title='bbox 914 1277 1000 1349; x_wconf 87' lang='lat' dir='ltr'>queri</span> <span class='ocrx_word' id='word_1_84' title='bbox 1012 1270 1045 1335; x_wconf 81' lang='lat' dir='ltr'>et</span> <span class='ocrx_word' id='word_1_85' title='bbox 1065 1278 1177 1350; x_wconf 77' lang='lat' dir='ltr'>gratias</span> <span class='ocrx_word' id='word_1_86' title='bbox 1266 1307 1271 1316; x_wconf 90' lang='lat'><strong>·</strong></span> 
     </span>
     <span class='ocr_line' id='line_1_11' title="bbox 197 1356 1178 1432; baseline 0.004 -17"><span class='ocrx_word' id='word_1_87' title='bbox 197 1372 307 1429; x_wconf 88' lang='lat' dir='ltr'>agere,</span> <span class='ocrx_word' id='word_1_88' title='bbox 323 1356 406 1430; x_wconf 91' lang='lat' dir='ltr'>quod</span> <span class='ocrx_word' id='word_1_89' title='bbox 422 1363 528 1415; x_wconf 87' lang='lat' dir='ltr'>natura</span> <span class='ocrx_word' id='word_1_90' title='bbox 542 1372 602 1415; x_wconf 93' lang='lat' dir='ltr'>non</span> <span class='ocrx_word' id='word_1_91' title='bbox 617 1356 732 1430; x_wconf 83' lang='lat' dir='ltr'>recipit.</span> <span class='ocrx_word' id='word_1_92' title='bbox 754 1357 857 1431; x_wconf 80' lang='lat' dir='ltr'>potius</span> <span class='ocrx_word' id='word_1_93' title='bbox 871 1359 1087 1432; x_wconf 81' lang='lat' dir='ltr'>conparatione</span> <span class='ocrx_word' id='word_1_94' title='bbox 1100 1362 1178 1419; x_wconf 83' lang='lat' dir='ltr'>taeta</span> 
     </span>
     <span class='ocr_line' id='line_1_12' title="bbox 197 1437 1177 1509; baseline 0.003 -11"><span class='ocrx_word' id='word_1_95' title='bbox 197 1437 278 1499; x_wconf 89' lang='lat' dir='ltr'>iuter</span> <span class='ocrx_word' id='word_1_96' title='bbox 299 1454 334 1498; x_wconf 88' lang='lat' dir='ltr'>se</span> <span class='ocrx_word' id='word_1_97' title='bbox 356 1438 494 1498; x_wconf 86' lang='lat' dir='ltr'>beneficii</span> <span class='ocrx_word' id='word_1_98' title='bbox 516 1447 546 1498; x_wconf 92' lang='lat' dir='ltr'>ct</span> <span class='ocrx_word' id='word_1_99' title='bbox 565 1439 690 1497; x_wconf 88' lang='lat' dir='ltr'>iniuriae</span> <span class='ocrx_word' id='word_1_100' title='bbox 706 1440 832 1509; x_wconf 92' lang='lat' dir='ltr'>videbo,</span> <span class='ocrx_word' id='word_1_101' title='bbox 855 1456 893 1497; x_wconf 90' lang='lat' dir='ltr'>an</span> <span class='ocrx_word' id='word_1_102' title='bbox 910 1443 998 1499; x_wconf 92' lang='lat' dir='ltr'>etiam</span> <span class='ocrx_word' id='word_1_103' title='bbox 1013 1443 1091 1501; x_wconf 89' lang='lat' dir='ltr'>ultro</span> <span class='ocrx_word' id='word_1_104' title='bbox 1107 1444 1177 1501; x_wconf 86' lang='lat' dir='ltr'>mibi</span> 
     </span>
     <span class='ocr_line' id='line_1_13' title="bbox 198 1522 1205 1599; baseline 0.003 -18"><span class='ocrx_word' id='word_1_105' title='bbox 198 1523 358 1581; x_wconf 88' lang='lat' dir='ltr'>debeatur.</span> <span class='ocrx_word' id='word_1_106' title='bbox 394 1522 552 1595; x_wconf 83' lang='lat' dir='ltr'>Quomodo</span> <span class='ocrx_word' id='word_1_107' title='bbox 569 1522 595 1579; x_wconf 95' lang='lat' dir='ltr'>si</span> <span class='ocrx_word' id='word_1_108' title='bbox 610 1522 678 1595; x_wconf 87' lang='lat' dir='ltr'>quis</span> <span class='ocrx_word' id='word_1_109' title='bbox 691 1522 814 1596; x_wconf 88' lang='lat' dir='ltr'>scriptis</span> <span class='ocrx_word' id='word_1_110' title='bbox 827 1524 940 1583; x_wconf 92' lang='lat' dir='ltr'>nostris</span> <span class='ocrx_word' id='word_1_111' title='bbox 953 1525 1029 1583; x_wconf 85' lang='lat' dir='ltr'>aiios</span> <span class='ocrx_word' id='word_1_112' title='bbox 1043 1531 1205 1599; x_wconf 72' lang='lat' dir='ltr'>superness</span> 
     </span>
     <span class='ocr_line' id='line_1_14' title="bbox 196 1603 1175 1679; baseline 0.001 -15"><span class='ocrx_word' id='word_1_113' title='bbox 196 1603 334 1679; x_wconf 87' lang='lat' dir='ltr'>inprimit</span> <span class='ocrx_word' id='word_1_114' title='bbox 349 1621 472 1677; x_wconf 84' lang='lat' dir='ltr'>versus,</span> <span class='ocrx_word' id='word_1_115' title='bbox 493 1606 611 1678; x_wconf 88' lang='lat' dir='ltr'>priores</span> <span class='ocrx_word' id='word_1_116' title='bbox 628 1605 729 1664; x_wconf 84' lang='lat' dir='ltr'>literas</span> <span class='ocrx_word' id='word_1_117' title='bbox 745 1622 806 1665; x_wconf 88' lang='lat' dir='ltr'>non</span> <span class='ocrx_word' id='word_1_118' title='bbox 823 1607 912 1678; x_wconf 87' lang='lat' dir='ltr'>toltit,</span> <span class='ocrx_word' id='word_1_119' title='bbox 933 1608 989 1666; x_wconf 91' lang='lat' dir='ltr'>sed</span> <span class='ocrx_word' id='word_1_120' title='bbox 1005 1607 1175 1678; x_wconf 77' lang='lat' dir='ltr'>abscondit,</span> 
     </span>
     <span class='ocr_line' id='line_1_15' title="bbox 190 1686 1175 1765; baseline 0.001 -19"><span class='ocrx_word' id='word_1_121' title='bbox 190 1686 439 1747; x_wconf 82' lang='lat' dir='ltr'>sicbeneficium</span> <span class='ocrx_word' id='word_1_122' title='bbox 455 1688 676 1760; x_wconf 91' lang='lat' dir='ltr'>superveniens</span> <span class='ocrx_word' id='word_1_123' title='bbox 692 1689 800 1747; x_wconf 90' lang='lat' dir='ltr'>iniuria</span> <span class='ocrx_word' id='word_1_124' title='bbox 813 1690 963 1763; x_wconf 88' lang='lat' dir='ltr'>adparere</span> <span class='ocrx_word' id='word_1_125' title='bbox 979 1707 1038 1750; x_wconf 91' lang='lat' dir='ltr'>non</span> <span class='ocrx_word' id='word_1_126' title='bbox 1054 1691 1175 1765; x_wconf 90' lang='lat' dir='ltr'>patitur.</span> 
     </span>
    </p>

    <p class='ocr_par' dir='ltr' id='par_1_3' title="bbox 195 1765 1201 2014">
     <span class='ocr_line' id='line_1_16' title="bbox 260 1765 1201 1847; baseline 0.004 -20"><span class='ocrx_word' id='word_1_127' title='bbox 260 1770 327 1827; x_wconf 88' lang='lat' dir='ltr'>VII.</span> <span class='ocrx_word' id='word_1_128' title='bbox 354 1772 464 1829; x_wconf 88' lang='lat' dir='ltr'>Voitus</span> <span class='ocrx_word' id='word_1_129' title='bbox 486 1777 570 1840; x_wconf 86' lang='lat' dir='ltr'>tuus,</span> <span class='ocrx_word' id='word_1_130' title='bbox 593 1772 641 1829; x_wconf 90' lang='lat' dir='ltr'>cui</span> <span class='ocrx_word' id='word_1_131' title='bbox 661 1765 828 1843; x_wconf 87' lang='lat' dir='ltr'>regendum</span> <span class='ocrx_word' id='word_1_132' title='bbox 851 1789 899 1831; x_wconf 91' lang='lat' dir='ltr'>me</span> <span class='ocrx_word' id='word_1_133' title='bbox 916 1773 1041 1845; x_wconf 90' lang='lat' dir='ltr'>tradidi,</span> <span class='ocrx_word' id='word_1_134' title='bbox 1064 1775 1201 1847; x_wconf 88' lang='lat' dir='ltr'>cotiigitl</span> 
     </span>
     <span class='ocr_line' id='line_1_17' title="bbox 195 1853 1175 1928; baseline 0.003 -16"><span class='ocrx_word' id='word_1_135' title='bbox 195 1868 292 1926; x_wconf 89' lang='lat' dir='ltr'>rugas</span> <span class='ocrx_word' id='word_1_136' title='bbox 304 1858 334 1913; x_wconf 89' lang='lat' dir='ltr'>et</span> <span class='ocrx_word' id='word_1_137' title='bbox 346 1853 436 1913; x_wconf 83' lang='lat' dir='ltr'>trahit</span> <span class='ocrx_word' id='word_1_138' title='bbox 449 1854 588 1925; x_wconf 78' lang='lat' dir='ltr'>frontem,</span> <span class='ocrx_word' id='word_1_139' title='bbox 605 1853 694 1928; x_wconf 88' lang='lat' dir='ltr'>quasi</span> <span class='ocrx_word' id='word_1_140' title='bbox 705 1854 825 1927; x_wconf 90' lang='lat' dir='ltr'>longius</span> <span class='ocrx_word' id='word_1_141' title='bbox 838 1872 955 1915; x_wconf 87' lang='lat' dir='ltr'>exeam.</span> <span class='ocrx_word' id='word_1_142' title='bbox 978 1857 1091 1916; x_wconf 88' lang='lat' dir='ltr'>videris</span> <span class='ocrx_word' id='word_1_143' title='bbox 1104 1858 1175 1915; x_wconf 91' lang='lat' dir='ltr'>mihi</span> 
     </span>
     <span class='ocr_line' id='line_1_18' title="bbox 197 1937 863 2014; baseline -0.006 -19"><span class='ocrx_word' id='word_1_144' title='bbox 197 1937 316 1996; x_wconf 82' lang='lat' dir='ltr'>dicere=</span> <span class='ocrx_word' id='word_1_145' title='bbox 857 1998 863 2014; x_wconf 20' lang='lat'>¹,</span> 
     </span>
    </p>

    <p class='ocr_par' dir='ltr' id='par_1_4' title="bbox 263 2018 1090 2097">
     <span class='ocr_line' id='line_1_19' title="bbox 263 2018 1090 2097; baseline 0.006 -19"><span class='ocrx_word' id='word_1_146' title='bbox 263 2020 449 2089; x_wconf 67' lang='lat' dir='ltr'>ductantem</span> <span class='ocrx_word' id='word_1_147' title='bbox 463 2022 537 2080; x_wconf 81' lang='lat' dir='ltr'>mibi</span> <span class='ocrx_word' id='word_1_148' title='bbox 549 2022 654 2080; x_wconf 72' lang='lat' dir='ltr'>dcam</span> <span class='ocrx_word' id='word_1_149' title='bbox 668 2018 755 2080; x_wconf 79' lang='lat' dir='ltr'>abis?</span> <span class='ocrx_word' id='word_1_150' title='bbox 774 2022 832 2080; x_wconf 85' lang='lat' dir='ltr'>buc</span> <span class='ocrx_word' id='word_1_151' title='bbox 846 2022 943 2095; x_wconf 73' lang='lat' dir='ltr'>diripe</span> <span class='ocrx_word' id='word_1_152' title='bbox 956 2039 1090 2097; x_wconf 84' lang='lat' dir='ltr'>cursum,</span> 
     </span>
    </p>

    <p class='ocr_par' dir='ltr' id='par_1_5' title="bbox 190 2102 1201 3756">
     <span class='ocr_line' id='line_1_20' title="bbox 249 2102 973 2168; baseline -0.007 -7"><span class='ocrx_word' id='word_1_153' title='bbox 249 2102 435 2161; x_wconf 57' lang='lat' dir='ltr'>‘literaturam</span> <span class='ocrx_word' id='word_1_154' title='bbox 971 2164 973 2168; x_wconf 22' lang='lat'><strong><em>¹</em></strong></span> 
     </span>
     <span class='ocr_line' id='line_1_21' title="bbox 194 2184 1173 2260; baseline 0.003 -18"><span class='ocrx_word' id='word_1_155' title='bbox 194 2184 264 2242; x_wconf 90' lang='lat' dir='ltr'>Non</span> <span class='ocrx_word' id='word_1_156' title='bbox 283 2201 409 2258; x_wconf 91' lang='lat' dir='ltr'>possum</span> <span class='ocrx_word' id='word_1_157' title='bbox 426 2185 530 2259; x_wconf 89' lang='lat' dir='ltr'>magis.</span> <span class='ocrx_word' id='word_1_158' title='bbox 567 2187 672 2259; x_wconf 87' lang='lat' dir='ltr'>itaque</span> <span class='ocrx_word' id='word_1_159' title='bbox 687 2186 712 2244; x_wconf 92' lang='lat' dir='ltr'>si</span> <span class='ocrx_word' id='word_1_160' title='bbox 727 2186 797 2245; x_wconf 91' lang='lat' dir='ltr'>huic</span> <span class='ocrx_word' id='word_1_161' title='bbox 809 2186 997 2245; x_wconf 78' lang='lat' dir='ltr'>satisfactum</span> <span class='ocrx_word' id='word_1_162' title='bbox 1009 2187 1173 2260; x_wconf 68' lang='lat' dir='ltr'>existimas</span> 
     </span>
     <span class='ocr_line' id='line_1_22' title="bbox 193 2267 1173 2344; baseline 0.004 -19"><span class='ocrx_word' id='word_1_163' title='bbox 193 2267 248 2326; x_wconf 88' lang='lat' dir='ltr'>itio</span> <span class='ocrx_word' id='word_1_164' title='bbox 266 2276 472 2341; x_wconf 79' lang='lat' dir='ltr'>transeamuS,</span> <span class='ocrx_word' id='word_1_165' title='bbox 496 2285 539 2327; x_wconf 91' lang='lat' dir='ltr'>an</span> <span class='ocrx_word' id='word_1_166' title='bbox 562 2269 595 2327; x_wconf 88' lang='lat' dir='ltr'>ei</span> <span class='ocrx_word' id='word_1_167' title='bbox 617 2268 806 2328; x_wconf 85' lang='lat' dir='ltr'>debeatur</span> <span class='ocrx_word' id='word_1_168' title='bbox 826 2269 992 2343; x_wconf 79' lang='lat' dir='ltr'>aliquid,</span> <span class='ocrx_word' id='word_1_169' title='bbox 1022 2270 1084 2344; x_wconf 91' lang='lat' dir='ltr'>qui</span> <span class='ocrx_word' id='word_1_170' title='bbox 1108 2287 1173 2329; x_wconf 92' lang='lat' dir='ltr'>no-</span> 
     </span>
     <span class='ocr_line' id='line_1_23' title="bbox 194 2350 1173 2427; baseline 0.002 -19"><span class='ocrx_word' id='word_1_171' title='bbox 194 2350 257 2409; x_wconf 91' lang='lat' dir='ltr'>bis</span> <span class='ocrx_word' id='word_1_172' title='bbox 279 2350 427 2411; x_wconf 90' lang='lat' dir='ltr'>invitus</span> <span class='ocrx_word' id='word_1_173' title='bbox 450 2352 606 2425; x_wconf 78' lang='lat' dir='ltr'>profuit.</span> <span class='ocrx_word' id='word_1_174' title='bbox 641 2352 707 2411; x_wconf 89' lang='lat' dir='ltr'>Hoc</span> <span class='ocrx_word' id='word_1_175' title='bbox 722 2354 858 2427; x_wconf 86' lang='lat' dir='ltr'>apertius</span> <span class='ocrx_word' id='word_1_176' title='bbox 875 2354 961 2426; x_wconf 91' lang='lat' dir='ltr'>potui</span> <span class='ocrx_word' id='word_1_177' title='bbox 977 2354 1093 2424; x_wconf 89' lang='lat' dir='ltr'>dicere,</span> <span class='ocrx_word' id='word_1_178' title='bbox 1115 2352 1173 2412; x_wconf 91' lang='lat' dir='ltr'>nisi</span> 
     </span>
     <span class='ocr_line' id='line_1_24' title="bbox 194 2434 1174 2508; baseline 0.004 -19"><span class='ocrx_word' id='word_1_179' title='bbox 194 2434 367 2506; x_wconf 90' lang='lat' dir='ltr'>propositio</span> <span class='ocrx_word' id='word_1_180' title='bbox 389 2435 514 2493; x_wconf 89' lang='lat' dir='ltr'>deberet</span> <span class='ocrx_word' id='word_1_181' title='bbox 534 2451 605 2493; x_wconf 90' lang='lat' dir='ltr'>esse</span> <span class='ocrx_word' id='word_1_182' title='bbox 630 2436 868 2508; x_wconf 84' lang='lat' dir='ltr'>confusior‚.ut</span> <span class='ocrx_word' id='word_1_183' title='bbox 894 2435 1046 2496; x_wconf 92' lang='lat' dir='ltr'>distinctio</span> <span class='ocrx_word' id='word_1_184' title='bbox 1075 2436 1174 2495; x_wconf 82' lang='lat' dir='ltr'>statim</span> 
     </span>
     <span class='ocr_line' id='line_1_25' title="bbox 195 2516 1172 2592; baseline 0 -17"><span class='ocrx_word' id='word_1_185' title='bbox 195 2516 364 2577; x_wconf 89' lang='lat' dir='ltr'>subsecuta</span> <span class='ocrx_word' id='word_1_186' title='bbox 385 2519 559 2577; x_wconf 90' lang='lat' dir='ltr'>ostenderet</span> <span class='ocrx_word' id='word_1_187' title='bbox 586 2526 789 2592; x_wconf 89' lang='lat' dir='ltr'>utrumque</span> <span class='ocrx_word' id='word_1_188' title='bbox 812 2519 960 2592; x_wconf 85' lang='lat' dir='ltr'>quaeri,</span> <span class='ocrx_word' id='word_1_189' title='bbox 988 2536 1031 2577; x_wconf 86' lang='lat' dir='ltr'>an</span> <span class='ocrx_word' id='word_1_190' title='bbox 1055 2521 1089 2577; x_wconf 91' lang='lat' dir='ltr'>ei</span> <span class='ocrx_word' id='word_1_191' title='bbox 1110 2520 1172 2577; x_wconf 93' lang='lat' dir='ltr'>de-</span> 
     </span>
     <span class='ocr_line' id='line_1_26' title="bbox 194 2598 1174 2680; baseline -0.001 -22"><span class='ocrx_word' id='word_1_192' title='bbox 194 2598 389 2672; x_wconf 78' lang='lat' dir='ltr'>berem-uS,</span> <span class='ocrx_word' id='word_1_193' title='bbox 414 2601 813 2680; x_wconf 29' lang='lat' dir='ltr'>quinobis&#39;dumnon</span> <span class='ocrx_word' id='word_1_194' title='bbox 832 2604 926 2672; x_wconf 88' lang='lat' dir='ltr'>vult,</span> <span class='ocrx_word' id='word_1_195' title='bbox 951 2601 1115 2674; x_wconf 80' lang='lat' dir='ltr'>profuit,</span> <span class='ocrx_word' id='word_1_196' title='bbox 1139 2608 1174 2658; x_wconf 86' lang='lat' dir='ltr'>ct</span> 
     </span>
     <span class='ocr_line' id='line_1_27' title="bbox 194 2682 1201 2757; baseline -0.003 -18"><span class='ocrx_word' id='word_1_197' title='bbox 194 2697 238 2739; x_wconf 88' lang='lat' dir='ltr'>an</span> <span class='ocrx_word' id='word_1_198' title='bbox 260 2683 312 2755; x_wconf 87' lang='lat' dir='ltr'>ei,</span> <span class='ocrx_word' id='word_1_199' title='bbox 336 2684 412 2757; x_wconf 88' lang='lat' dir='ltr'>qui,</span> <span class='ocrx_word' id='word_1_200' title='bbox 436 2684 520 2742; x_wconf 93' lang='lat' dir='ltr'>dum</span> <span class='ocrx_word' id='word_1_201' title='bbox 542 2684 674 2742; x_wconf 90' lang='lat' dir='ltr'>nescit.</span> <span class='ocrx_word' id='word_1_202' title='bbox 709 2685 783 2742; x_wconf 88' lang='lat' dir='ltr'>Nam</span> <span class='ocrx_word' id='word_1_203' title='bbox 796 2685 821 2742; x_wconf 90' lang='lat' dir='ltr'>si</span> <span class='ocrx_word' id='word_1_204' title='bbox 834 2682 903 2757; x_wconf 84' lang='lat' dir='ltr'>quis</span> <span class='ocrx_word' id='word_1_205' title='bbox 918 2692 1042 2742; x_wconf 87' lang='lat' dir='ltr'>coactus</span> <span class='ocrx_word' id='word_1_206' title='bbox 1058 2682 1201 2756; x_wconf 71' lang='lat' dir='ltr'>aliquidt</span> 
     </span>
     <span class='ocr_line' id='line_1_28' title="bbox 193 2764 1172 2841; baseline -0.002 -18"><span class='ocrx_word' id='word_1_207' title='bbox 193 2764 266 2825; x_wconf 91' lang='lat' dir='ltr'>boni</span> <span class='ocrx_word' id='word_1_208' title='bbox 289 2766 374 2838; x_wconf 85' lang='lat' dir='ltr'>iecit,</span> <span class='ocrx_word' id='word_1_209' title='bbox 398 2767 470 2841; x_wconf 90' lang='lat' dir='ltr'>quin</span> <span class='ocrx_word' id='word_1_210' title='bbox 492 2783 548 2826; x_wconf 87' lang='lat' dir='ltr'>nos</span> <span class='ocrx_word' id='word_1_211' title='bbox 567 2783 628 2826; x_wconf 89' lang='lat' dir='ltr'>non</span> <span class='ocrx_word' id='word_1_212' title='bbox 644 2768 769 2841; x_wconf 87' lang='lat' dir='ltr'>obliget,</span> <span class='ocrx_word' id='word_1_213' title='bbox 791 2767 981 2825; x_wconf 82' lang='lat' dir='ltr'>manifestius</span> <span class='ocrx_word' id='word_1_214' title='bbox 996 2773 1057 2838; x_wconf 87' lang='lat' dir='ltr'>est,</span> <span class='ocrx_word' id='word_1_215' title='bbox 1081 2782 1172 2839; x_wconf 86' lang='lat' dir='ltr'>quam</span> 
     </span>
     <span class='ocr_line' id='line_1_29' title="bbox 194 2848 1172 2923; baseline 0 -16"><span class='ocrx_word' id='word_1_216' title='bbox 194 2856 227 2907; x_wconf 92' lang='lat' dir='ltr'>ut</span> <span class='ocrx_word' id='word_1_217' title='bbox 248 2848 311 2907; x_wconf 83' lang='lat' dir='ltr'>uita</span> <span class='ocrx_word' id='word_1_218' title='bbox 329 2848 359 2906; x_wconf 94' lang='lat' dir='ltr'>in</span> <span class='ocrx_word' id='word_1_219' title='bbox 381 2850 440 2909; x_wconf 88' lang='lat' dir='ltr'>hoc</span> <span class='ocrx_word' id='word_1_220' title='bbox 455 2850 548 2909; x_wconf 86' lang='lat' dir='ltr'>verba</span> <span class='ocrx_word' id='word_1_221' title='bbox 568 2850 763 2923; x_wconf 88' lang='lat' dir='ltr'>inpendenda</span> <span class='ocrx_word' id='word_1_222' title='bbox 783 2850 852 2909; x_wconf 90' lang='lat' dir='ltr'>sint.</span> <span class='ocrx_word' id='word_1_223' title='bbox 884 2850 922 2908; x_wconf 88' lang='lat' dir='ltr'>Et</span> <span class='ocrx_word' id='word_1_224' title='bbox 939 2850 1014 2909; x_wconf 87' lang='lat' dir='ltr'>haec</span> <span class='ocrx_word' id='word_1_225' title='bbox 1032 2848 1172 2923; x_wconf 84' lang='lat' dir='ltr'>quaestio</span> 
     </span>
     <span class='ocr_line' id='line_1_30' title="bbox 193 2931 1172 3007; baseline 0.001 -19"><span class='ocrx_word' id='word_1_226' title='bbox 193 2931 285 2989; x_wconf 82' lang='lat' dir='ltr'>facite</span> <span class='ocrx_word' id='word_1_227' title='bbox 300 2934 479 3005; x_wconf 82' lang='lat' dir='ltr'>expedietur</span> <span class='ocrx_word' id='word_1_228' title='bbox 494 2939 539 3004; x_wconf 88' lang='lat' dir='ltr'>et,</span> <span class='ocrx_word' id='word_1_229' title='bbox 559 2934 586 2992; x_wconf 92' lang='lat' dir='ltr'>si</span> <span class='ocrx_word' id='word_1_230' title='bbox 601 2951 661 3007; x_wconf 84' lang='lat' dir='ltr'>qua</span> <span class='ocrx_word' id='word_1_231' title='bbox 676 2934 783 2993; x_wconf 91' lang='lat' dir='ltr'>similis</span> <span class='ocrx_word' id='word_1_232' title='bbox 798 2934 868 2992; x_wconf 90' lang='lat' dir='ltr'>huic</span> <span class='ocrx_word' id='word_1_233' title='bbox 882 2934 997 2993; x_wconf 89' lang='lat' dir='ltr'>moveri</span> <span class='ocrx_word' id='word_1_234' title='bbox 1013 2939 1128 3007; x_wconf 90' lang='lat' dir='ltr'>potest,</span> <span class='ocrx_word' id='word_1_235' title='bbox 1147 2931 1172 2990; x_wconf 90' lang='lat' dir='ltr'>si</span> 
     </span>
     <span class='ocr_line' id='line_1_31' title="bbox 192 3013 1169 3089; baseline -0.001 -15"><span class='ocrx_word' id='word_1_236' title='bbox 192 3013 306 3074; x_wconf 88' lang='lat' dir='ltr'>totiens</span> <span class='ocrx_word' id='word_1_237' title='bbox 327 3015 378 3075; x_wconf 87' lang='lat' dir='ltr'>iiio</span> <span class='ocrx_word' id='word_1_238' title='bbox 394 3016 605 3089; x_wconf 80' lang='lat' dir='ltr'>cogitationem</span> <span class='ocrx_word' id='word_1_239' title='bbox 622 3023 757 3076; x_wconf 88' lang='lat' dir='ltr'>nostram</span> <span class='ocrx_word' id='word_1_240' title='bbox 776 3015 1014 3076; x_wconf 82' lang='lat' dir='ltr'>converterimus</span> <span class='ocrx_word' id='word_1_241' title='bbox 1029 3015 1169 3074; x_wconf 90' lang='lat' dir='ltr'>benefici·</span> 
     </span>
     <span class='ocr_line' id='line_1_32' title="bbox 192 3098 1173 3173; baseline -0.001 -17"><span class='ocrx_word' id='word_1_242' title='bbox 192 3114 245 3156; x_wconf 91' lang='lat' dir='ltr'>um</span> <span class='ocrx_word' id='word_1_243' title='bbox 261 3099 377 3157; x_wconf 89' lang='lat' dir='ltr'>nntium</span> <span class='ocrx_word' id='word_1_244' title='bbox 391 3114 478 3172; x_wconf 88' lang='lat' dir='ltr'>esse,</span> <span class='ocrx_word' id='word_1_245' title='bbox 500 3098 656 3173; x_wconf 85' lang='lat' dir='ltr'>nisiquod</span> <span class='ocrx_word' id='word_1_246' title='bbox 671 3101 710 3158; x_wconf 91' lang='lat' dir='ltr'>ad</span> <span class='ocrx_word' id='word_1_247' title='bbox 726 3116 784 3157; x_wconf 90' lang='lat' dir='ltr'>nos</span> <span class='ocrx_word' id='word_1_248' title='bbox 802 3099 929 3173; x_wconf 91' lang='lat' dir='ltr'>primum</span> <span class='ocrx_word' id='word_1_249' title='bbox 946 3100 1048 3172; x_wconf 83' lang='lat' dir='ltr'>aliqua</span> <span class='ocrx_word' id='word_1_250' title='bbox 1059 3100 1173 3171; x_wconf 88' lang='lat' dir='ltr'>cogita·</span> 
     </span>
     <span class='ocr_line' id='line_1_33' title="bbox 192 3180 1201 3255; baseline -0.002 -15"><span class='ocrx_word' id='word_1_251' title='bbox 192 3180 234 3240; x_wconf 87' lang='lat' dir='ltr'>tio</span> <span class='ocrx_word' id='word_1_252' title='bbox 253 3180 364 3255; x_wconf 88' lang='lat' dir='ltr'>deiert,</span> <span class='ocrx_word' id='word_1_253' title='bbox 388 3182 498 3241; x_wconf 88' lang='lat' dir='ltr'>deinde</span> <span class='ocrx_word' id='word_1_254' title='bbox 518 3182 615 3242; x_wconf 87' lang='lat' dir='ltr'>amica</span> <span class='ocrx_word' id='word_1_255' title='bbox 629 3189 660 3240; x_wconf 91' lang='lat' dir='ltr'>et</span> <span class='ocrx_word' id='word_1_256' title='bbox 674 3182 815 3255; x_wconf 88' lang='lat' dir='ltr'>benigna.</span> <span class='ocrx_word' id='word_1_257' title='bbox 851 3182 957 3254; x_wconf 84' lang='lat' dir='ltr'>ltaque</span> <span class='ocrx_word' id='word_1_258' title='bbox 972 3196 1028 3239; x_wconf 90' lang='lat' dir='ltr'>nec</span> <span class='ocrx_word' id='word_1_259' title='bbox 1043 3180 1201 3239; x_wconf 85' lang='lat' dir='ltr'>flumini-3</span> 
     </span>
     <span class='ocr_line' id='line_1_34' title="bbox 194 3263 1172 3339; baseline -0.001 -18"><span class='ocrx_word' id='word_1_260' title='bbox 194 3263 253 3322; x_wconf 89' lang='lat' dir='ltr'>bus</span> <span class='ocrx_word' id='word_1_261' title='bbox 267 3265 380 3337; x_wconf 84' lang='lat' dir='ltr'>gratias</span> <span class='ocrx_word' id='word_1_262' title='bbox 395 3266 528 3339; x_wconf 81' lang='lat' dir='ltr'>agimus,</span> <span class='ocrx_word' id='word_1_263' title='bbox 547 3266 686 3339; x_wconf 88' lang='lat' dir='ltr'>quamvis</span> <span class='ocrx_word' id='word_1_264' title='bbox 702 3272 753 3323; x_wconf 91' lang='lat' dir='ltr'>aut</span> <span class='ocrx_word' id='word_1_265' title='bbox 767 3279 877 3337; x_wconf 83' lang='lat' dir='ltr'>magna</span> <span class='ocrx_word' id='word_1_266' title='bbox 890 3264 1008 3336; x_wconf 85' lang='lat' dir='ltr'>navigia</span> <span class='ocrx_word' id='word_1_267' title='bbox 1021 3264 1172 3336; x_wconf 89' lang='lat' dir='ltr'>patiantur</span> 
     </span>
     <span class='ocr_line' id='line_1_35' title="bbox 192 3346 1173 3422; baseline -0.002 -17"><span class='ocrx_word' id='word_1_268' title='bbox 192 3347 279 3405; x_wconf 85' lang='lat' dir='ltr'>etad</span> <span class='ocrx_word' id='word_1_269' title='bbox 295 3347 512 3408; x_wconf 89' lang='lat' dir='ltr'>subvehendas</span> <span class='ocrx_word' id='word_1_270' title='bbox 528 3348 634 3422; x_wconf 91' lang='lat' dir='ltr'>copias</span> <span class='ocrx_word' id='word_1_271' title='bbox 651 3351 736 3420; x_wconf 87' lang='lat' dir='ltr'>largo</span> <span class='ocrx_word' id='word_1_272' title='bbox 752 3363 788 3405; x_wconf 84' lang='lat' dir='ltr'>ac</span> <span class='ocrx_word' id='word_1_273' title='bbox 806 3346 931 3420; x_wconf 87' lang='lat' dir='ltr'>perenni</span> <span class='ocrx_word' id='word_1_274' title='bbox 947 3347 1033 3405; x_wconf 83' lang='lat' dir='ltr'>alveo</span> <span class='ocrx_word' id='word_1_275' title='bbox 1051 3353 1173 3403; x_wconf 84' lang='lat' dir='ltr'>currant</span> 
     </span>
     <span class='ocr_line' id='line_1_36' title="bbox 191 3429 1171 3505; baseline -0.003 -17"><span class='ocrx_word' id='word_1_276' title='bbox 191 3437 245 3489; x_wconf 90' lang='lat' dir='ltr'>aut</span> <span class='ocrx_word' id='word_1_277' title='bbox 266 3431 389 3504; x_wconf 89' lang='lat' dir='ltr'>piscosa</span> <span class='ocrx_word' id='word_1_278' title='bbox 410 3439 440 3490; x_wconf 91' lang='lat' dir='ltr'>et</span> <span class='ocrx_word' id='word_1_279' title='bbox 460 3447 589 3491; x_wconf 89' lang='lat' dir='ltr'>amoena</span> <span class='ocrx_word' id='word_1_280' title='bbox 609 3431 773 3505; x_wconf 87' lang='lat' dir='ltr'>pinguibus</span> <span class='ocrx_word' id='word_1_281' title='bbox 795 3431 877 3488; x_wconf 91' lang='lat' dir='ltr'>arvis</span> <span class='ocrx_word' id='word_1_282' title='bbox 899 3429 1081 3490; x_wconf 85' lang='lat' dir='ltr'>interfluant.</span> <span class='ocrx_word' id='word_1_283' title='bbox 1115 3443 1171 3487; x_wconf 87' lang='lat' dir='ltr'>nec</span> 
     </span>
     <span class='ocr_line' id='line_1_37' title="bbox 192 3512 1171 3593; baseline -0.004 -20"><span class='ocrx_word' id='word_1_284' title='bbox 192 3516 356 3587; x_wconf 89' lang='lat' dir='ltr'>quisquam</span> <span class='ocrx_word' id='word_1_285' title='bbox 378 3515 444 3593; x_wconf 87' lang='lat' dir='ltr'>Niio</span> <span class='ocrx_word' id='word_1_286' title='bbox 466 3515 647 3575; x_wconf 86' lang='lat' dir='ltr'>beneficium</span> <span class='ocrx_word' id='word_1_287' title='bbox 670 3515 783 3573; x_wconf 91' lang='lat' dir='ltr'>debere</span> <span class='ocrx_word' id='word_1_288' title='bbox 799 3530 833 3573; x_wconf 92' lang='lat' dir='ltr'>se</span> <span class='ocrx_word' id='word_1_289' title='bbox 849 3514 974 3585; x_wconf 86' lang='lat' dir='ltr'>iudicat,</span> <span class='ocrx_word' id='word_1_290' title='bbox 998 3530 1058 3573; x_wconf 92' lang='lat' dir='ltr'>non</span> <span class='ocrx_word' id='word_1_291' title='bbox 1074 3512 1171 3584; x_wconf 87' lang='lat' dir='ltr'>magis</span> 
     </span>
     <span class='ocr_line' id='line_1_38' title="bbox 190 3595 1169 3672; baseline -0.002 -16"><span class='ocrx_word' id='word_1_292' title='bbox 190 3612 284 3672; x_wconf 88' lang='lat' dir='ltr'>quam</span> <span class='ocrx_word' id='word_1_293' title='bbox 300 3598 418 3670; x_wconf 82' lang='lat' dir='ltr'>odium,</span> <span class='ocrx_word' id='word_1_294' title='bbox 437 3597 462 3656; x_wconf 92' lang='lat' dir='ltr'>si</span> <span class='ocrx_word' id='word_1_295' title='bbox 478 3598 649 3657; x_wconf 87' lang='lat' dir='ltr'>inmodicus</span> <span class='ocrx_word' id='word_1_296' title='bbox 665 3596 849 3671; x_wconf 83' lang='lat' dir='ltr'>superfluxit</span> <span class='ocrx_word' id='word_1_297' title='bbox 863 3598 1011 3669; x_wconf 86' lang='lat' dir='ltr'>tardeque</span> <span class='ocrx_word' id='word_1_298' title='bbox 1026 3595 1169 3654; x_wconf 85' lang='lat' dir='ltr'>decessit</span> 
     </span>
     <span class='ocr_line' id='line_1_39' title="bbox 190 3678 1168 3756; baseline -0.003 -18"><span class='ocrx_word' id='word_1_299' title='bbox 190 3694 249 3739; x_wconf 87' lang='lat' dir='ltr'>nec</span> <span class='ocrx_word' id='word_1_300' title='bbox 264 3689 375 3756; x_wconf 87' lang='lat' dir='ltr'>ventus</span> <span class='ocrx_word' id='word_1_301' title='bbox 389 3680 571 3741; x_wconf 90' lang='lat' dir='ltr'>beneficium</span> <span class='ocrx_word' id='word_1_302' title='bbox 589 3682 655 3755; x_wconf 91' lang='lat' dir='ltr'>dat,</span> <span class='ocrx_word' id='word_1_303' title='bbox 674 3681 744 3741; x_wconf 87' lang='lat' dir='ltr'>iicet</span> <span class='ocrx_word' id='word_1_304' title='bbox 758 3681 835 3748; x_wconf 86' lang='lat' dir='ltr'>ienis</span> <span class='ocrx_word' id='word_1_305' title='bbox 851 3687 881 3738; x_wconf 90' lang='lat' dir='ltr'>et</span> <span class='ocrx_word' id='word_1_306' title='bbox 895 3680 1051 3740; x_wconf 86' lang='lat' dir='ltr'>secundus</span> <span class='ocrx_word' id='word_1_307' title='bbox 1067 3678 1168 3753; x_wconf 86' lang='lat' dir='ltr'>adspi-</span> 
     </span>
    </p>
   </div>
   <div class='ocr_carea' id='block_1_3' title="bbox 0 0 1476 4384">
    <p class='ocr_par' dir='ltr' id='par_1_6' title="bbox 0 0 1476 4384">
     <span class='ocr_line' id='line_1_40' title="bbox 0 0 1476 4384; baseline 0 3"><span class='ocrx_word' id='word_1_308' title='bbox 0 0 1476 4384; x_wconf 95' lang='lat' dir='ltr'> </span> 
     </span>
    </p>
   </div>
  </div>
 </body>
</html>
