2942 4384
318 466 381 529 260
606 467 639 526 L.
661 465 807 525 ANNAEI
829 461 1003 525 SENECAE

317 628 373 692 tur,
397 626 427 678 ct
447 618 472 677 si
492 619 685 679 violentiores
701 617 831 690 flavere,
853 618 935 676 circa
948 616 1077 676 medium
1092 622 1192 675 tamen
1211 617 1292 676 diem

315 704 550 775 relanguescunt
571 718 627 761 nec
647 718 776 775 usquam
797 702 941 774 usquein
958 698 1112 759 meridiem
1128 716 1205 761 aura
1222 718 1290 775 pro·

316 786 442 845 ducitur.
479 784 548 843 Alia
560 792 658 843 autem
672 787 756 855 [olid]
769 783 935 842 inbecillior
946 800 982 842 ac
995 783 1116 841 brevior
1127 791 1183 854 est,
1203 792 1291 857 prout

313 867 532 927 valentioribus
548 867 755 926 minoribusve
770 868 898 926 collecta
911 867 1014 926 causis
1029 874 1085 923 est.
1135 934 1142 944 „

241 949 243 953 ’
287 956 301 1007 1
376 952 429 1009 lX:
460 951 605 1022 „Quare
630 958 753 1009 tamen
780 952 880 1009 tales
908 948 1014 1007 venti
1044 964 1133 1007 vere
1162 957 1199 1014 et
1226 965 1287 1024 aa·

314 1034 644 1093 statcvalidiores
663 1037 801 1093 sunta‘
823 1032 982 1105 (levissimi
995 1030 1073 1090 enim
1087 1038 1189 1091 cetera
1203 1040 1286 1105 parte

313 1116 383 1173 anni
404 1130 504 1188 neque
520 1116 571 1190 qui
586 1117 686 1174 velum
701 1115 836 1189 inpleant
850 1118 1005 1188 suganam
1034 1114 1106 1187 quia
1121 1130 1175 1172 ver
1190 1131 1284 1187 aquo·

313 1199 376 1257 sius
398 1204 445 1256 est
464 1206 494 1257 et
514 1215 553 1257 cx
574 1199 711 1272 pluribus
727 1198 815 1273 aquis
831 1198 969 1271 locisque
984 1197 1023 1255 ob
1039 1196 1193 1256 humidam
1210 1199 1286 1256 coeli

311 1288 447 1340 naturam
470 1281 581 1341 saturis
603 1289 633 1340 et
651 1282 889 1340 redundantibus
910 1279 1007 1339 malor
1027 1280 1206 1352 evaporatio
1229 1288 1285 1339 est.

283 1364 372 1434 2„At
383 1379 477 1437 quare
492 1371 607 1423 aestate
624 1363 855 1438 profunditur‘t“
878 1364 949 1437 quia
965 1369 1035 1436 post
1049 1377 1194 1421 occasum
1210 1364 1285 1421 solis

311 1453 448 1505 remanet
468 1446 595 1505 diurnus
616 1449 699 1505 calor
719 1454 749 1505 et
768 1462 877 1519 magna
897 1447 995 1505 noctis
1020 1452 1106 1518 parte
1131 1447 1284 1519 perdurat,

312 1528 364 1602 qui
386 1535 493 1588 evocat
512 1530 654 1588 exeuntia
674 1546 711 1588 ac
730 1528 941 1589 vehementius
950 1528 1059 1599 trahit,
1084 1528 1230 1602 quiequid
1246 1544 1285 1587 ex

311 1612 358 1671 his
378 1620 489 1685 sponte
508 1611 597 1672 reddi
614 1614 700 1671 solet.
731 1612 842 1670 deinde
857 1629 916 1671 non
934 1618 1045 1670 tantum
1060 1610 1153 1669 babet
1168 1612 1284 1682 virium,

221 1733 222 1736 κ
258 1699 267 1706 ’
310 1702 343 1753 ut
365 1696 449 1767 quod
470 1696 611 1768 evocavit
631 1695 778 1753 absumat.
806 1696 845 1753 ob
871 1696 931 1754 hoc
955 1693 1070 1753 diutius
1089 1696 1283 1767 corpuscula,

310 1792 452 1835 emanare
473 1777 561 1836 solita
582 1785 612 1835 et
632 1776 746 1849 elllari,
766 1785 845 1836 terra
866 1793 905 1835 ex
920 1794 954 1836 se
969 1785 1060 1849 aittue
1075 1776 1185 1835 humor
1200 1777 1284 1836 emit-

208 1892 209 1896 =
281 1864 382 1919 b-tunt.
417 1859 501 1918 Facit
521 1868 620 1919 autem
644 1868 766 1920 ventum
785 1861 831 1919 sol
854 1869 937 1919 ortus
959 1878 1019 1919 nou
1042 1861 1144 1918 calore
1158 1867 1283 1930 tantum,

310 1943 366 2000 sed
381 1943 469 2001 ctiam
491 1944 561 2002 ictu.
584 1945 636 2002 lux
651 1944 745 2015 enim,
766 1950 799 2002 ut
813 1944 890 2013 dixi,
914 1959 993 2017 quae
1007 1945 1103 2001 solem
1121 1944 1282 2011 antecedit,

309 2027 453 2099 nondum
466 2029 537 2084 aera
558 2027 709 2097 calefacit,
732 2027 788 2085 sed
812 2027 939 2099 percutit
958 2035 1081 2085 tantum.
1114 2041 1282 2098 percussus

223 2147 229 2160 ·
308 2115 406 2167 autem
427 2110 456 2167 in
477 2110 570 2181 latuS,
600 2110 694 2180 cedit,
716 2125 899 2183 quamquam
922 2124 979 2182 ego
1003 2124 1041 2167 ne
1062 2108 1133 2167 illud
1158 2109 1281 2182 quidem

308 2191 530 2263 concesserim,
554 2195 651 2251 lucem
674 2194 773 2265 ipsam
788 2193 854 2251 sine
873 2193 973 2250 calore
989 2207 1073 2260 esse,
1093 2207 1161 2252 cunr
1177 2208 1217 2250 ex
1233 2206 1280 2249 ca-

280 2275 372 2336 llore
388 2274 441 2333 sit:
465 2291 525 2333 non
542 2274 633 2333 habet
648 2276 773 2334 forsitan
789 2282 902 2334 tantum
920 2276 1049 2348 teporis,
1073 2282 1216 2347 quantum
1238 2282 1280 2333 ta-

308 2364 357 2415 ctu
378 2357 538 2429 adpareat,
561 2374 638 2430 opus
656 2364 756 2416 tamen
773 2375 860 2418 suum
874 2358 944 2417 iacit
958 2366 988 2417 et
1002 2358 1099 2415 densa
1113 2357 1230 2417 diducit
1244 2372 1279 2415 ac

307 2445 418 2498 tenuat.
442 2447 600 2512 praeterea
617 2440 697 2512 loca,
718 2457 797 2514 quae
814 2440 917 2513 aliqua
931 2439 1228 2515 iniquitatenaturae
1242 2440 1281 2500 ita

307 2524 411 2581 clausa
427 2530 510 2592 sunt,
533 2531 565 2582 ut
580 2525 676 2582 solem
691 2524 832 2597 accipere
845 2540 903 2582 non
922 2524 1055 2597 possint,
1070 2523 1122 2581 illa
1132 2523 1281 2582 nebuloso

307 2620 430 2677 quoque
452 2612 481 2663 et
503 2606 578 2664 tristi
600 2607 667 2666 luce
688 2607 831 2666 calefiunt
851 2614 881 2665 et
902 2618 956 2679 per
976 2607 1055 2665 diem
1071 2607 1170 2665 minus
1188 2622 1279 2679 quam

276 2690 446 2753 anoctibus
461 2689 577 2762 rigent.
619 2690 798 2749 Etiamnunc
824 2698 930 2749 natura
955 2689 1038 2748 calor
1062 2688 1160 2748 omnis
1186 2690 1280 2762 abigit

306 2772 431 2830 nebulas
454 2778 484 2831 et
506 2788 524 2830 a
546 2789 580 2831 se
600 2771 732 2846 repellit:
756 2789 830 2845 ergo
845 2774 892 2831 sol
909 2788 1031 2846 quoque
1046 2772 1125 2829 idem
1141 2772 1227 2842 lacit,
1251 2780 1279 2831 et

304 2854 390 2922 ideo,
423 2860 456 2913 ut
485 2855 713 2934 quibusdam
742 2856 909 2924 videtur,
944 2855 1031 2914 inde
1061 2855 1181 2913 slatus
1206 2862 1277 2925 est,

303 2935 403 2994 unde
425 2936 494 2993 sol.

278 3034 291 3083 1
365 3018 400 3076 Χ.
429 3019 507 3077 Hoc
532 3020 668 3079 falsum
691 3036 762 3080 esse
782 3036 820 3080 ex
842 3036 879 3081 eo
901 3022 1043 3095 adparet,
1067 3019 1151 3093 quod
1170 3026 1278 3078 natura

302 3101 333 3159 in
348 3117 467 3160 omnem
485 3110 598 3176 {nartem
613 3106 685 3163 aera
699 3104 782 3163 vehit
796 3112 825 3163 ct
840 3112 945 3164 contra
958 3113 1054 3163 ortum
1068 3103 1165 3176 plenis
1179 3104 1277 3162 ventis

303 3185 474 3257 navigatur,
499 3187 582 3259 quod
597 3204 658 3245 non
674 3189 821 3260 eveniret,
844 3187 871 3246 si
886 3203 1008 3261 semper
1023 3197 1132 3245 ventus
1148 3187 1277 3245 serretur

302 3270 415 3339 asole.
457 3269 615 3329 Etesiae
638 3285 805 3345 quoque,
834 3269 934 3344 quiin
957 3268 1276 3343 argumentumaqui·

301 3350 431 3409 busdam
447 3353 648 3422 advocantur,
671 3369 742 3412 non
766 3354 877 3412 nimis
901 3352 1144 3428 propositum
1166 3352 1275 3412 adiu-

273 3440 397 3491 2vant.
425 3434 527 3494 Dicam
544 3435 680 3508 primunr,
697 3436 770 3510 quid
788 3436 846 3500 illis
862 3438 988 3515 placeat,
1008 3435 1127 3505 deinde,
1144 3450 1199 3517 cur
1214 3433 1275 3493 dis-

302 3516 412 3589 pliceat
431 3517 513 3575 mihi.
549 3517 704 3590 ,‚Etesiae‚
727 3519 879 3591 inquiunt,
902 3519 1000 3577 hicme
1015 3534 1075 3577 non
1095 3528 1181 3589 sunt,
1204 3518 1275 3591 quia

300 3598 491 3658 brevissimis
513 3601 621 3659 diebus
644 3602 689 3660 sol
713 3603 839 3674 desinit,
869 3602 1045 3675 priusquam
1072 3600 1168 3674 lrigus
1191 3601 1274 3661 ovin-

301 3686 407 3757 catur„
428 3680 531 3757 itaque
552 3684 638 3743 nives
659 3690 689 3742 et
708 3692 862 3758 ponuntur
877 3692 906 3744 ct
922 3685 1046 3744 durant:
1069 3692 1185 3745 aestate
1202 3684 1271 3745 inci·
