2942 4384
432 473 483 533 DE
504 471 716 534 BENEFICIIS
737 474 809 533 LlB.
827 476 863 534 Il.
886 484 983 539 3-6.
1150 476 1191 543 17

217 626 377 702 plerisque
393 632 493 684 autem
503 624 563 684 hoe
574 621 678 683 vitium
691 619 738 683 est
749 624 911 684 ambitione
924 641 1020 699 prava
1031 627 1191 690 differendi

217 710 389 785 promissa,
410 723 448 766 ne
468 708 565 767 minor
584 709 624 767 sit
642 707 812 780 rogantium
832 708 934 779 turba,
959 712 1065 781 quales
1086 712 1190 785 regiae

217 790 375 867 potentiae
389 790 516 849 ministri
531 799 616 864 sunt,
633 806 711 866 quos
727 790 858 849 delectat
872 792 1023 864 potentiae
1038 809 1113 853 suae
1126 795 1188 855 lon·
1241 813 1243 817 ⁴

217 892 289 950 gum
310 876 520 948 spectaculum
540 874 703 947 minusque
724 889 760 932 se
778 871 913 932 iudicant
929 890 1039 949 posse,
1060 878 1117 935 nisi
1139 879 1190 937 diu

217 958 407 1031 multumque
429 956 555 1030 singulis
577 956 651 1029 quid
672 956 793 1029 possint
812 956 1008 1025 ostenderint.
1030 959 1103 1018 nihil
1118 976 1189 1021 eon-

217 1041 335 1111 lestim,
359 1038 432 1098 nihil
452 1041 546 1098 semel
566 1039 688 1099 iaciunt.
716 1037 843 1098 iniuriae
863 1040 981 1100 illorum
997 1042 1189 1118 praecipites,

217 1126 300 1182 lenta
320 1122 470 1181 beneficia
492 1129 571 1181 sunt.
607 1121 707 1194 Quare
725 1122 919 1184 verissimum
933 1122 1082 1200 existima,
1106 1125 1220 1202 qu0d2

217 1206 267 1265 ille
287 1206 424 1266 eomieus
441 1205 530 1264 dixit:

425 1286 524 1358 Quid?
544 1294 575 1347 tu
595 1304 653 1348 non
672 1290 816 1363 intellegis

258 1379 372 1431 tantam
382 1374 500 1444 arettae
514 1379 541 1431 te
555 1373 679 1444 demere,
697 1380 838 1445 quantum
852 1388 953 1432 morae
964 1372 1080 1434 adicis?

217 1456 293 1515 lude
311 1456 379 1513 illae
394 1469 497 1527 voees,
514 1471 590 1527 quas
606 1455 756 1527 ingenuus
772 1456 860 1515 dolor
874 1456 1029 1528 exprimit:
1051 1461 1147 1531 „Fae,
1162 1464 1189 1519 st

217 1538 398 1613 quidfaets“
420 1544 449 1596 et
470 1540 565 1609 „attat
574 1544 617 1598 est
629 1542 719 1598 tanti:
740 1542 818 1598 malo
831 1540 905 1598 milti
916 1542 976 1599 iam
989 1547 1105 1613 nepes.“
1128 1541 1187 1601 Uti

217 1622 246 1680 in
266 1621 400 1681 taedium
419 1620 568 1680 adductus
591 1622 709 1681 animus
736 1621 842 1696 ineipit
863 1621 1044 1682 beneficium
1071 1626 1185 1697 odisse,

218 1705 287 1763 dum
304 1710 473 1777 exspectat,
489 1710 588 1777 potest
601 1704 640 1764 ob
653 1704 682 1763 ld
694 1713 799 1779 gratus
812 1711 904 1765 esset
925 1706 1184 1776 Quemadmodum
1199 1708 1217 1760 3

218 1786 416 1846 acerbissima
431 1787 593 1847 crudelitas
606 1794 662 1861 est,
680 1804 757 1861 quae
769 1789 857 1848 trahit
871 1804 1010 1862 poenam,
1029 1797 1058 1849 et
1068 1790 1185 1849 miseri-

218 1869 341 1929 cordiae
356 1885 453 1943 genus
469 1878 517 1929 est
531 1871 588 1929 cito
608 1871 757 1942 occidere,
774 1873 844 1945 quia
856 1880 1037 1932 tormentum
1050 1876 1185 1933 ultimum

218 1953 307 2012 linem
323 1954 371 2011 sui
387 1968 491 2011 seeum
508 1954 620 2028 adiert,
642 1955 725 2027 quod
741 1956 892 2014 antecedit
912 1962 1032 2029 tempus
1053 1958 1186 2015 maxime

218 2035 335 2096 venturi
359 2037 500 2109 supplicii
516 2045 670 2109 parsest:
695 2039 736 2096 ita
757 2038 852 2097 maior
866 2044 914 2095 est
933 2038 1067 2097 muneris
1088 2039 1185 2111 gratia

219 2136 277 2192 quo
295 2118 395 2177 minus
410 2118 462 2177 diu
478 2120 631 2192 pependit.
649 2128 706 2180 est
721 2121 801 2179 enim
817 2120 905 2179 etiam
921 2120 1069 2179 bonarum
1083 2137 1184 2179 rerum

218 2203 353 2261 sollicitis
369 2202 573 2275 exspectatio,
590 2210 619 2262 et
633 2219 700 2263 eum
717 2203 1006 2278 plurimabenesreia
1017 2203 1184 2262 remedium

219 2284 342 2345 alieuius
369 2283 412 2342 rei
441 2285 595 2357 adierant,
624 2287 674 2360 qui
699 2293 751 2346 aut
776 2287 887 2347 diutius
914 2288 1048 2359 torqueri
1074 2286 1185 2360 patitur

219 2384 305 2442 quem
320 2365 461 2441 protinus
478 2375 579 2442 potest
594 2367 737 2441 liberare,
762 2378 813 2429 aut
829 2370 944 2432 tardius
960 2371 1109 2442 gaudere,
1131 2369 1183 2428 be-

219 2451 324 2510 neficio
341 2466 398 2509 suo
414 2466 522 2510 manus
537 2452 644 2510 adfert.
681 2452 785 2511 Omnis
802 2452 972 2525 benignitas
990 2461 1135 2527 properat
1154 2456 1215 2512 ett

218 2534 369 2607 proprium
390 2540 437 2591 est
453 2534 580 2594 libenter
596 2534 732 2594 facientis
754 2536 812 2594 eito
834 2536 945 2595 faeere.
976 2536 1026 2608 qui
1047 2537 1132 2595 tarde
1154 2544 1184 2595 et

221 2616 295 2675 diem
317 2616 356 2675 de
377 2617 427 2674 die
447 2617 609 2675 extrahens
631 2617 759 2692 proluit,
781 2633 842 2675 non
865 2632 905 2674 ex
919 2614 1019 2676 animo
1036 2618 1119 2675 feeit:
1142 2619 1184 2675 ita

219 2698 290 2758 duas
315 2715 366 2758 res
392 2700 538 2758 maximas
561 2700 706 2773 perdidit,
728 2707 758 2758 et
778 2707 899 2771 tempus
923 2704 953 2756 et
972 2706 1183 2771 argumentum

219 2781 327 2840 amicae
343 2783 517 2841 voluntatis.
550 2784 636 2841 tarde
651 2785 729 2841 velle
745 2782 877 2842 uolentis
892 2789 949 2841 est.

275 2865 327 2923 Vl.
350 2866 384 2923 In
407 2865 487 2923 omni
508 2864 645 2937 negotio,
666 2865 829 2938 LiberaliS,
851 2881 911 2923 nou
934 2863 1056 2923 minIma
1082 2866 1211 2938 portiol

217 2954 267 3018 est,
286 2948 440 3021 quomodo
458 2948 593 3022 quidque
607 2955 659 3007 aut
674 2950 791 3008 dicatur
805 2956 856 3008 aut
874 2949 935 3007 fiat.
961 2948 1087 3006 multum
1103 2952 1180 3008 eele-

217 3030 285 3089 ritas
305 3030 391 3103 feeit,
414 3031 537 3089 multum
558 3030 680 3091 abstulit
699 3049 793 3091 niora.
834 3031 913 3091 sieut
931 3031 960 3089 in
984 3031 1051 3089 telis
1074 3032 1181 3091 eadem

217 3112 281 3170 lerri
301 3113 350 3171 vis
376 3120 437 3184 est,
458 3114 514 3172 sed
537 3114 685 3173 inlinitum
708 3117 847 3182 interest,
869 3122 967 3173 utrum
989 3129 1122 3173 excusso
1137 3117 1180 3172 la-

217 3203 292 3254 terto
306 3203 505 3269 torqueantur
518 3213 556 3255 an
568 3199 697 3257 remissa
709 3215 800 3257 manu
811 3197 945 3255 effluant.
968 3195 1087 3267 gladius
1100 3196 1178 3253 idem

217 3279 328 3352 stringit
336 3286 365 3338 et
378 3281 547 3339 transierat.
572 3297 661 3355 quam
673 3293 782 3356 presso
796 3279 921 3339 articulo
936 3277 1060 3349 venerit,
1071 3279 1178 3336 refert:

217 3358 274 3437 [lta]
297 3362 379 3419 idem
400 3370 447 3421 est
466 3364 551 3437 quod
566 3365 666 3437 datur,
690 3366 746 3423 sed
767 3365 893 3423 interest
908 3361 1061 3436 quomodo
1083 3360 1177 3419 detur.

217 3442 304 3514 Quam
321 3444 423 3516 dulce,
448 3463 539 3519 quam
555 3447 720 3521 pretiosum
736 3453 796 3519 est,
821 3447 847 3505 si
861 3444 973 3519 gratias
986 3442 1044 3502 sibi
1056 3443 1104 3515 agi
1117 3459 1176 3503 non
1192 3456 1209 3507 2

217 3535 256 3585 est
277 3543 391 3601 passus
408 3530 461 3601 qui
479 3530 575 3601 dedit,
599 3530 625 3589 si
644 3529 783 3601 dedisse,
806 3530 877 3587 dum
896 3530 961 3600 dat,
984 3526 1095 3585 oblitus
1115 3533 1176 3585 est!

217 3624 277 3669 nam
290 3610 445 3685 corripere
460 3613 587 3671 eumeni
601 3629 677 3686 eum,
692 3613 822 3671 maxime
833 3611 946 3685 aliquid
961 3616 1109 3683 praestes
1125 3610 1176 3667 de-

217 3695 321 3753 mentia
333 3701 381 3753 est
403 3701 432 3753 et
453 3696 588 3755 inserere
610 3696 820 3758 contumeliam
833 3692 958 3755 meritis.
986 3692 1089 3767 ltaque
1104 3709 1176 3753 non

253 3795 354 3835 sarraca
373 3798 442 3837 nuru.
465 3768 496 3838 1'1.
1008 3782 1033 3837 Ἃ
