2942 4384
316 466 380 530 262
606 466 640 526 L.
661 464 809 525 ANNAEI
831 463 1006 524 SENECAE

318 621 389 696 quia
405 634 539 694 superne
555 617 718 689 dimittitur,
740 624 770 677 et
782 616 812 676 in
827 633 885 678 nos
901 616 981 678 cadit
992 618 1159 679 vehemens
1170 626 1203 680 et
1213 636 1293 695 acer,

317 704 402 781 quod
423 720 483 763 non
500 704 588 761 lusus
605 718 705 775 neque
722 717 777 774 per
792 707 927 774 apertum
941 703 1038 774 venii,
1059 704 1114 761 scd
1130 703 1251 763 laborat
1265 711 1294 763 et

316 789 372 849 iter
394 788 452 846 sibi
474 786 502 843 vi
524 801 561 843 ac
581 800 685 858 pugna
708 789 802 857 parat.
839 784 896 842 Hic
916 786 980 843 iere
999 786 1108 844 brevis>
1122 784 1216 845 flatus
1238 793 1291 860 esi,

318 873 389 947 quia
403 870 599 943 receptacula
615 868 754 938 nubium,
778 881 833 941 per
854 883 933 941 quae
954 869 1114 940 serebatur,
1138 885 1174 927 ao
1197 871 1290 929 muni·

316 963 417 1015 menta
434 951 610 1027 perrumpit.
633 951 703 1011 ideo
720 951 923 1009 tumultuosus
937 952 1030 1024 veuit,
1050 952 1216 1025 aliquando
1231 970 1291 1012 non

289 1039 383 1098 asine
405 1038 475 1111 igne
496 1052 532 1095 ac
557 1050 634 1095 sono
648 1034 735 1093 coeli.
771 1035 809 1093 Hi
825 1035 907 1093 venti
922 1036 1015 1094 multo
1029 1036 1161 1094 maiores
1177 1037 1291 1095 diutur-

317 1123 482 1193 nioresque
504 1126 589 1192 sunt,
612 1119 637 1178 si
659 1119 736 1177 alios
760 1133 884 1192 quoque
904 1117 994 1176 flatus
1017 1134 1056 1176 ex
1074 1120 1182 1177 eadem
1200 1134 1292 1178 eausa

316 1205 445 1265 fluentes
468 1204 497 1260 in
518 1219 553 1262 εε
577 1202 766 1261 abstulerunt
780 1208 810 1261 et
830 1202 858 1259 in
875 1218 969 1259 unum
984 1201 1162 1261 confluxere
1178 1204 1290 1276 piures,

317 1289 394 1348 sicut
412 1294 562 1346 torrentes
584 1285 722 1346 modicae
744 1284 958 1357 magnitudinis
974 1291 1060 1358 eunt,
1083 1287 1229 1359 quamdiu
1244 1302 1291 1344 se-

317 1371 431 1446 paratis
453 1386 528 1428 suus
553 1385 662 1428 cursus
685 1375 747 1427 est:
777 1383 845 1446 cum
865 1384 939 1426 uero
960 1370 1064 1441 piures
1087 1368 1116 1426 in
1138 1384 1174 1427 se
1194 1385 1291 1441 aquas

317 1459 546 1525 converterunt,
570 1452 726 1511 fluminum
743 1451 890 1510 iustorum
905 1467 940 1509 ac
953 1452 1129 1524 perennium
1141 1453 1290 1525 magnitu-

289 1538 416 1597 4dinem
439 1535 602 1594 excedunt.
641 1536 724 1593 Idem
748 1534 891 1592 credibile
906 1542 953 1593 est
967 1534 1032 1593 lieri
1048 1541 1078 1594 et
1091 1536 1120 1593 in
1138 1536 1291 1609 procellis,

315 1628 349 1680 ut
369 1621 479 1678 breves
501 1619 575 1691 sint,
599 1618 741 1692 quamdiu
764 1618 902 1689 singulae
923 1624 1006 1677 sunt:
1028 1618 1079 1676 ubi
1096 1635 1170 1677 vero
1192 1620 1289 1677 socia-

290 1718 389 1774 *vere
402 1702 484 1759 vires
501 1709 584 1760 etex
600 1700 736 1775 pluribus
753 1701 829 1758 coeli
847 1700 981 1774 partibus
997 1701 1090 1759 elisus
1104 1702 1229 1775 spiritus
1240 1718 1291 1761 eo-

287 1786 386 1845 adem
408 1800 443 1842 se
464 1785 604 1856 contulit,
627 1792 656 1843 et
676 1785 797 1858 inpetus
817 1784 875 1842 iliis
897 1784 1017 1864 accedit
1030 1791 1061 1843 et
1080 1801 1176 1843 mora.
1208 1786 1293 1845 Facit

317 1883 389 1941 ergo
411 1873 533 1925 ventum
555 1868 690 1926 resoluta
710 1867 818 1926 nubes.
850 1882 929 1942 quae
950 1866 1087 1941 pluribus
1108 1868 1209 1927 modis
1232 1868 1292 1927 soi-

254 1946 256 1950 ’
316 1952 409 2010 uitur:
430 1966 657 2025 nonnumquam
672 1949 935 2023 conglobationem
952 1952 1032 2008 iilam
1044 1951 1171 2025 spiritus
1181 1952 1293 2024 rumpit

317 2039 566 2108 [nonnumquam]
583 2034 691 2092 inclusi
707 2042 737 2092 et
750 2034 779 2091 in
796 2034 908 2092 exitum
922 2035 1043 2093 nitentis
1060 2034 1198 2105 luctatio,
1217 2050 1291 2093 non·

315 2133 480 2191 numquam
501 2118 593 2190 calor,
619 2132 708 2189 quem
729 2116 821 2175 modo
843 2118 889 2178 soi
911 2117 995 2188 lecit,
1019 2118 1111 2177 modo
1130 2118 1200 2192 ipsa
1214 2118 1291 2176 arie-

315 2201 387 2260 tatio
403 2216 581 2273 magnorum
597 2198 675 2259 inter
690 2216 725 2258 εε
744 2215 907 2272 corporum
922 2206 953 2258 ei
966 2201 1103 2259 adtritus.

289 2293 303 2343 1
377 2282 455 2340 Xlll.
486 2284 565 2343 Hoc
593 2285 694 2354 loco,
716 2283 743 2342 si
763 2283 816 2342 tibi
838 2283 964 2355 videtur,
988 2284 1122 2357 quaeri
1144 2289 1290 2358 potest,

317 2382 383 2424 cur
405 2366 517 2425 turbo
540 2365 619 2425 fiai.
650 2365 781 2436 Evenire
792 2366 822 2424 in
834 2366 1009 2426 fluminibus
1022 2368 1109 2439 solet,
1126 2373 1168 2440 ut,
1185 2384 1290 2441 quam·

316 2449 368 2507 diu
383 2448 449 2507 sine
463 2448 670 2522 inpedimento
683 2448 828 2520 feruntur,
850 2450 978 2523 simplex
992 2458 1021 2510 et
1035 2459 1149 2509 rectum
1164 2450 1226 2509 iilis
1236 2452 1291 2509 iter

293 2600 296 2607 .
316 2533 368 2591 sit:
390 2532 442 2591 ubi
458 2533 648 2592 incurrerunt
661 2532 690 2589 in
706 2533 831 2607 aliquod
846 2549 954 2591 saxum
969 2534 1008 2591 ad
1024 2535 1103 2593 latus
1118 2533 1207 2608 ripae
1223 2550 1290 2608 pro·

314 2616 449 2687 nilacus,
471 2621 706 2690 retorqueantur
718 2622 757 2675 >et
776 2616 806 2674 in
823 2617 927 2675 orbem
942 2633 1040 2691 aquas
1055 2618 1122 2676 sine
1137 2618 1222 2677 exitu
1237 2617 1290 2675 ile

315 2706 410 2773 ciant,
427 2700 474 2758 -ita
488 2705 521 2758 ut
535 2700 727 2758 circumlatae
742 2699 770 2757 in
788 2715 821 2758 se
834 2700 1014 2759 sorbeantur
1025 2708 1055 2759 et
1067 2700 1214 2760 vorticem
1226 2699 1289 2759 cifi-

287 2782 405 2841 2ciant.
450 2780 649 2855 stevartius,
680 2783 826 2855 quamdiu
844 2782 917 2841 nihil
943 2784 1076 2855 obstitit,
1107 2783 1190 2842 vires
1217 2798 1289 2859 suas

315 2864 458 2922 effundit:
482 2864 533 2922 ubi
554 2866 657 2938 aliquo
682 2864 891 2938 promuntorio
909 2881 1112 2941 repercussus
1131 2874 1180 2926 est
1195 2875 1248 2926 aut
1262 2864 1289 2923 vi

314 2946 453 3005 locorum
475 2947 647 3006 coeuntium
664 2949 693 3005 in
711 2951 846 3007 canalem
863 2950 1014 3009 devexum
1029 2957 1214 3024 tenuemque
1230 2950 1289 3008 col·

315 3031 426 3103 lecina,
443 3030 567 3104 saepius
580 3031 609 3088 in
623 3046 657 3089 se
668 3031 821 3090 volutatur
832 3033 1022 3106 similemque
1033 3034 1105 3105 illis,
1122 3048 1202 3107 quas
1214 3030 1288 3091 dixi·

285 3120 380 3173 smus
403 3115 539 3173 converti
555 3130 667 3187 aquas,
690 3114 762 3174 iacit
776 3115 930 3175 vorticem.
966 3118 1022 3175 Hic
1035 3124 1145 3175 ventus
1161 3116 1288 3175 circum-

315 3205 401 3257 actus
417 3206 446 3258 et
461 3198 600 3257 eumdem
615 3198 753 3257 ambiens
767 3198 867 3257 locum
882 3215 919 3257 ac
930 3215 965 3258 se
977 3201 1045 3273 ipsa
1055 3198 1205 3274 vertigine
1218 3215 1288 3258 con·

315 3282 411 3340 citans
427 3282 515 3341 turbo
532 3289 588 3341 est.
613 3282 664 3355 qui
681 3281 707 3339 si
719 3284 888 3356 pugnacior
898 3289 946 3343 est
956 3299 992 3341 ac
1004 3284 1116 3343 diutius
1129 3283 1306 3354 volutatur,'

313 3362 516 3423 inflammatur
530 3371 560 3423 et
578 3365 671 3423 elficit
684 3367 765 3439 quo‘d
781 3374 962 3439 prestera
979 3367 1086 3426 Graeci
1099 3373 1225 3427 vocant=
1241 3366 1288 3424 hic
1305 3417 1310 3430 ,

315 3455 361 3508 est
376 3449 484 3522 igneus
499 3449 597 3509 turbo.
633 3446 738 3507 *Hinc
758 3450 822 3507 iere
837 3450 936 3508 omnia
949 3452 1084 3523 pericula
1096 3451 1178 3510 venti
1191 3452 1288 3523 erupti

314 3532 353 3592 de
369 3532 501 3591 nubibus
519 3530 702 3605 prodeunt*,
725 3532 837 3605 quibus
853 3540 988 3593 armenta
998 3535 1155 3608 rapiantur
1166 3541 1198 3594 et
1207 3541 1288 3594 totae

313 3631 410 3674 naves
426 3616 457 3673 in
472 3614 601 3674 sublime
618 3616 769 3675 tollantur.

279 3709 297 3762 4
372 3693 554 3758 Etiamnunc
577 3699 701 3773 quidam
720 3699 803 3759 venti
824 3699 966 3762 diversos
986 3717 1080 3763 exse
1099 3705 1290 3777 generantet
