2942 4384
453 453 593 515 NATUR.
610 454 772 529 QUAEST.
794 455 866 515 LlB.
881 456 903 514 l.
927 467 951 516 l.
1062 509 1064 514 .
1134 455 1193 520 161

217 615 318 667 actum
340 612 397 666 est.
432 620 489 665 nec
510 606 680 678 Germanici
706 624 788 667 naors
810 608 876 666 sine
898 608 1125 669 denuntiatione
1144 609 1194 668 tali

217 692 284 751 luit.
320 690 411 750 Dices
427 690 514 748 mihi=
536 707 631 765 „ergo
646 690 722 750 tuin
741 692 831 750 tantis
847 691 1001 752 erroribus
1017 708 1066 763 εε,
1088 700 1121 752 ιιι
1132 693 1224 751 exi-4

218 775 325 834 stimes
339 774 424 833 deos
445 774 585 834 mortium
605 775 693 848 signa
714 775 906 848 praemittere
927 783 957 834 et
977 776 1139 850 quicquam
1164 778 1194 833 in

218 858 308 917 terris
329 873 401 917 esse
424 864 483 916 tarn
505 873 661 931 magnum,
685 859 769 932 quod
791 858 891 932 perire
916 860 1048 919 mundus
1073 860 1194 918 εείειιιι

219 941 282 1000 Erit
296 940 379 1000 aliud
393 940 482 1000 istius
498 942 540 999 rei
556 949 685 1015 tempus.
709 942 879 1001 videbimus
895 958 932 1001 an
949 960 1049 1002 rerum
1063 942 1194 1002 omnium

220 1031 322 1083 certus
338 1025 415 1083 ordo
430 1025 559 1083 ducatur
571 1030 605 1084 -et
619 1026 682 1083 alia
691 1026 759 1084 aliis
774 1026 816 1084 ita
829 1027 954 1099 inplexa
968 1029 1042 1100 sint,
1065 1034 1097 1085 ut
1111 1024 1195 1100 quod

220 1108 386 1181 antecedit,
409 1114 461 1166 aut
475 1122 570 1166 causa
584 1109 623 1167 sit
639 1108 831 1183 sequentium
847 1117 899 1169 aut
912 1110 1041 1183 signnm.
1079 1108 1194 1168 videbi-

220 1206 288 1249 mus
298 1206 339 1250 an
351 1191 400 1251 dis
412 1190 544 1250 humana
556 1206 647 1251 curae
660 1193 728 1264 sint,
740 1208 779 1251 an
792 1193 888 1251 series
901 1194 978 1268 ipsa,
993 1194 1067 1267 quid
1080 1195 1195 1252 lactura

221 1274 273 1345 sit,
302 1275 395 1334 certis
415 1291 515 1333 rerum
536 1276 615 1334 nolis
642 1275 773 1335 nuntiet:
802 1276 919 1338 interim
945 1278 1017 1335 illud
1044 1277 1222 1347 existimo,5

220 1358 371 1417 eiusmodi
387 1358 473 1431 ignes
489 1358 638 1417 exsistere
653 1362 724 1418 aere
739 1358 947 1419 vehementius
962 1361 1047 1432 trito,
1071 1376 1139 1417 cunr
1151 1359 1193 1416 in-

221 1441 344 1500 clinatio
358 1442 424 1500 eius
440 1442 469 1499 in
485 1442 608 1501 alteram
625 1450 740 1515 partem
756 1444 835 1501 facta
846 1451 894 1502 εει
905 1451 935 1502 ει
946 1460 1007 1503 non
1019 1442 1121 1514 cessit,
1138 1443 1195 1499 sed

219 1524 296 1583 intra
318 1541 353 1583 se
376 1526 529 1599 pugnavit.
557 1541 595 1583 ex
616 1526 673 1584 hac
695 1526 856 1585 vexatione
874 1534 1040 1586 nascuntur
1061 1525 1193 1586 trabes

220 1615 249 1665 ει
269 1608 378 1682 globi
400 1614 430 1666 et
452 1608 559 1669 faces
582 1615 612 1668 et
630 1609 803 1668 ardores.
825 1617 856 1668 at
867 1625 935 1669 cum
946 1610 1045 1670 levius
1058 1608 1193 1669 conlisus

221 1699 264 1764 et,
286 1698 322 1751 ιιι
340 1693 382 1749 ita
401 1690 515 1765 dicam,
537 1692 642 1752 frictus
660 1699 721 1763 est,
744 1693 861 1751 minora
877 1694 989 1753 lumina
1003 1694 1202 1753 excutiuntur

373 1778 541 1849 crinemque
555 1779 684 1835 uolantia
697 1778 801 1835 sidera
815 1778 935 1837 ducunt.

220 1857 303 1917 Tunc
324 1857 411 1931 ignes
431 1858 599 1918 tenuissimi
619 1857 676 1918 iter
696 1859 775 1918 exile
796 1860 959 1933 designant
972 1868 1001 1920 et
1022 1862 1108 1921 coelo
1125 1863 1224 1935 pro-6

220 1941 345 2000 ducunt.
378 1942 448 2001 ideo
468 1942 550 2001 nulla
570 1941 636 2001 sine
656 1942 832 2002 huiusmodi
854 1945 1038 2017 spectaculis
1060 1962 1123 2004 nox
1138 1952 1194 2003 est.
1234 1965 1248 1991 ⁸

220 2040 282 2083 non
305 2024 385 2083 enirn
407 2042 485 2099 opus
507 2033 555 2085 est
571 2027 610 2085 ad
631 2025 794 2085 efficienda
808 2027 866 2085 ista
880 2043 990 2101 magno
1007 2027 1086 2086 aeris
1101 2037 1193 2086 motu.

220 2106 368 2181 denique,
384 2109 561 2168 utbreviter
574 2109 689 2181 dicam,
706 2110 814 2168 eadem
828 2111 945 2171 ratione
960 2111 1036 2169 liunt
1049 2111 1116 2183 ista,
1134 2126 1195 2184 qua

219 2190 361 2260 fulmina,
385 2193 442 2251 sed
463 2192 493 2250 vi
512 2194 637 2254 minere.
668 2194 925 2268 quemadmodum
945 2194 1042 2253 nubes
1059 2195 1194 2253 conlisae

219 2274 414 2333 mediocriter
434 2275 653 2349 fulgurationes
675 2277 825 2351 efficiunt,
847 2277 961 2338 maiore
976 2279 1081 2352 inpetu
1095 2276 1194 2352 inpul-

220 2373 275 2418 sae
290 2358 431 2433 lulmina,
454 2360 498 2417 sic
515 2366 628 2433 quanto
647 2361 714 2419 illas
729 2362 829 2420 minus
845 2363 996 2434 presseris
1011 2362 1193 2433 minoresve,

220 2448 302 2502 tanto
318 2441 435 2501 leviora
449 2442 573 2503 fulmina
587 2444 731 2502 enrittunt.
764 2444 945 2504 Aristoteles
956 2446 1101 2504 rationem
1115 2447 1194 2504 eius·
1206 2453 1221 2507 7

219 2525 303 2586 modi
323 2525 442 2584 reddit:
471 2527 584 2599 „Varia
605 2535 634 2587 et
659 2528 752 2585 multa
773 2535 918 2586 terrarum
944 2530 1026 2587 orbis
1047 2530 1193 2602 exspirat,

220 2606 372 2682 quaedam
395 2608 534 2680 humida,
565 2610 716 2684 quaedam
741 2611 843 2683 sicca,
878 2614 1028 2685 quaedam
1054 2612 1193 2685 algentia,

219 2691 372 2771 quaedam
391 2693 598 2767 concipiendis
614 2692 734 2767 ignibus
752 2694 894 2752 idonea.“
932 2695 994 2752 Nec
1014 2696 1121 2753 mirum
1137 2701 1193 2764 εει,

219 2776 245 2836 si
265 2782 367 2834 terrae
390 2775 487 2835 omnis
509 2778 628 2851 generis
650 2783 680 2836 ει
701 2778 783 2835 varia
800 2776 977 2851 evaporatio
993 2784 1054 2848 est,
1078 2793 1145 2836 cum
1164 2776 1192 2834 in

219 2859 308 2920 coelo
325 2874 449 2933 queque
464 2876 524 2919 non
541 2877 622 2920 unus
636 2860 784 2933 adpareat
800 2862 884 2921 color
895 2878 1008 2939 rerum,
1027 2863 1081 2921 sed
1094 2860 1194 2920 acrior

218 2944 258 3003 sit
272 2942 435 3002 Caniculae
450 2944 559 3016 rubor,
580 2943 685 3002 lillartis
700 2944 870 3018 remissior,
892 2944 974 3005 lovis
990 2948 1091 3005 nullus
1106 2946 1134 3005 in
1150 2945 1192 3004 lu-

218 3040 286 3085 cem
309 3041 415 3099 puram
431 3027 528 3085 nitore
545 3028 703 3100 perducto.
740 3028 875 3088 Necesse
890 3036 938 3087 est
952 3045 1024 3101 engo
1040 3030 1069 3087 in
1085 3040 1222 3102 magnas

218 3108 311 3183 copia
325 3112 594 3182 corpusculorum,
619 3126 697 3183 qnae
712 3117 811 3169 terrae
826 3112 954 3170 eiectant
969 3113 1039 3169 etin
1053 3112 1193 3185 superio-

217 3208 282 3250 rem
304 3201 397 3265 agunt
418 3201 548 3267 partem,
569 3195 672 3267 aliqua
692 3193 721 3250 in
744 3194 841 3252 nubes
867 3194 1026 3265 pervenire
1052 3193 1194 3252 alimenta

217 3274 350 3349 ignium,
378 3293 458 3349 quac
481 3293 541 3335 non
567 3283 681 3336 tanturn
698 3275 815 3335 conlisa
840 3276 960 3349 possint
980 3277 1104 3349 ardere,
1136 3277 1193 3334 sed

217 3360 310 3419 etiam
328 3358 439 3418 adflata
453 3360 547 3419 radiis
563 3361 648 3421 solis.
671 3375 741 3417 uam
754 3358 837 3431 apud
852 3374 910 3418 uos
923 3376 1047 3434 quoque
1058 3366 1193 3419 ranrenta

217 3442 367 3516 sulphure
382 3443 531 3517 adspersa
544 3444 644 3518 ignem
655 3459 694 3502 ex
707 3442 865 3507 interuallo
877 3443 1006 3507 trahunt.
1035 3443 1109 3501 Veri
1120 3449 1222 3516 ergotl

217 3524 318 3585 simile
333 3534 380 3585 est
392 3524 650 3587 talem'mnteriann
667 3526 745 3591 iuter
761 3526 858 3586 nubes
874 3533 1088 3600 congregatam
1104 3527 1193 3585 facile

217 3608 367 3669 succendi
389 3618 419 3667 et
442 3610 574 3670 minores
599 3611 771 3671 maioresve
795 3609 883 3683 ignes
909 3610 1073 3685 exsistere,
1103 3619 1194 3684 prout

217 3694 289 3767 plns
311 3692 371 3753 illis
390 3693 445 3751 luit
465 3695 631 3763 autminus
647 3695 762 3763 virium,
797 3694 875 3763 Illud
889 3693 970 3756 enim
984 3693 1194 3764 stultissimum

260 3796 364 3834 sannen
377 3796 445 3834 ειιιι.
465 3781 496 3836 ll.
688 3816 692 3823 ,
995 3787 1027 3839 ll
