2942 4384
327 478 390 542 em
629 429 1024 541 nlnnmrmnmnu

324 638 353 691 et
373 630 439 691 aliis
461 629 563 691 causis
580 630 807 706 quiescentibus
829 629 906 690 intra
920 645 969 701 se,
994 647 1054 705 quo
1070 639 1234 707 mergatur,
1255 635 1296 693 in·
1332 671 1336 679 -

296 715 434 787 5veniet.
470 714 521 774 Sic
543 731 652 788 magna
668 716 769 773 omnia
784 716 900 774 coitura
915 714 1103 773 crediderim.
1130 731 1189 775 nec
1207 720 1296 792 longa

324 798 378 856 erit
398 814 483 857 mora
503 798 594 857 exitii.
620 805 783 871 temptatur
799 798 1010 871 divellilurque
1025 800 1202 858 concordia.
1231 816 1296 861 cum

323 883 416 939 semel
439 881 553 954 aliquid
570 897 609 939 ex
623 881 680 940 hac
696 882 807 939 idonea
822 880 975 953 diligentia
989 882 1295 963 remiserilmunduS,

323 964 422 1023 statim
441 966 577 1038 undique
600 980 639 1022 ex
660 972 765 1038 aperto
784 973 813 1023 et
827 964 944 1037 abdito,
968 980 1116 1037 superne,
1139 966 1178 1023 ab
1193 966 1295 1027 infimo

294 1062 470 1123 paquarum
491 1047 542 1107 fiet
562 1046 699 1121 irruptio.
740 1047 818 1105 Nihil
834 1054 882 1107 esl
895 1054 954 1105 tam
973 1047 1151 1114 violentum,
1176 1055 1237 1108 tam
1254 1054 1296 1109 in-

323 1130 480 1188 continens
503 1132 565 1201 sui,
595 1139 652 1189 tam
677 1137 842 1200 contumax
866 1130 1072 1204 infestumque
1097 1132 1296 1193 retinentibus

324 1228 414 1287 quam
435 1229 544 1286 magna
567 1212 612 1271 vis
632 1214 748 1273 undae:
771 1221 871 1272 utetur
889 1214 1024 1272 libertate
1040 1214 1190 1286 permissa
1207 1224 1237 1276 et
1254 1218 1295 1277 iu·

322 1295 412 1354 bente
434 1305 539 1356 natura
560 1313 639 1371 quae
660 1296 771 1355 scindit
794 1297 960 1370 circuitque
979 1296 1142 1373 conplebit.
1170 1306 1202 1357 ut
1218 1301 1295 1373 ignis

322 1378 452 1438 diversis
474 1380 549 1439 loeis
572 1388 655 1439 ortus
678 1381 737 1439 cito
755 1380 862 1438 miscet
876 1380 1048 1438 incendium
1064 1379 1195 1439 flammis
1214 1385 1296 1443 coire

323 1463 566 1535 properantibus
586 1464 630 1523 sic
643 1471 795 1522 momento
808 1479 842 1523 se
854 1464 1055 1521 redundantia
1067 1463 1206 1536 pluribus
1221 1467 1295 1525 locis

294 1546 416 1605 linaria
444 1546 636 1605 committent.
676 1547 737 1603 Nee
760 1563 797 1604 ea
817 1562 939 1619 semper
961 1548 1082 1605 licentia
1107 1548 1200 1607 undis
1229 1552 1292 1619 erit,

322 1629 377 1686 sed
399 1626 521 1702 peracto
543 1629 654 1687 iudicio
673 1630 794 1701 generis
809 1629 930 1688 humani
946 1630 1168 1703 exstinctisque
1183 1633 1296 1706 pariter

321 1712 413 1783 feris,
444 1712 472 1768 in
496 1728 622 1785 quarum
647 1712 787 1771 homines
814 1712 936 1786 ingenia
960 1714 1159 1785 transierant,
1188 1717 1295 1775 ilerum

322 1809 418 1865 aquas
436 1801 514 1852 terra
532 1794 680 1866 sorbebit,
702 1802 782 1854 terra
799 1797 925 1869 pelagus
942 1802 1022 1855 stare
1037 1804 1089 1854 aul
1102 1795 1182 1855 mua
1195 1801 1294 1860 termi-

321 1892 378 1936 nos
395 1893 469 1936 suos
486 1878 586 1935 lurere
598 1886 687 1950 coget
701 1887 731 1937 et
744 1880 876 1938 reiectus
891 1896 909 1938 e
924 1879 1036 1937 nostris
1052 1880 1178 1940 sedibus
1195 1883 1225 1940 in
1240 1899 1295 1942 sua

321 1969 439 2019 secreta
466 1962 592 2035 pelletur
615 1976 749 2020 oceanus
775 1969 804 2021 el
829 1963 971 2035 antiquus
992 1962 1067 2020 ordo
1091 1966 1293 2025 revocabitur.

292 2050 309 2102 8
325 2042 419 2102 Omne
435 2060 472 2102 ex
489 2045 605 2119 integro
622 2046 730 2104 animal
745 2046 936 2119 perterabitur
946 2045 1127 2119 dabiturque
1139 2049 1228 2107 terris
1241 2049 1294 2109 ho·

322 2144 370 2186 mo
392 2128 507 2188 inscius
530 2130 678 2187 scelerum
701 2137 731 2188 el
745 2129 919 2188 melioribus
935 2128 1080 2201 auspiciis
1096 2137 1196 2189 natus.
1233 2132 1293 2191 Sed

320 2209 379 2268 illis
402 2228 525 2285 quoque
544 2212 717 2270 innocentia
732 2229 792 2270 non
809 2212 943 2284 durabit,
967 2212 1025 2269 nisi
1040 2212 1109 2269 dnm
1126 2215 1198 2272 novi
1215 2223 1292 2274 sunl.

321 2292 385 2351 Cito
406 2296 540 2366 nequitia
563 2293 714 2367 subrepit:
741 2294 838 2353 virtus
863 2296 993 2354 dillicilis
1015 2294 1139 2369 inventu
1161 2304 1218 2357 est.
1247 2314 1292 2356 re·

321 2384 435 2434 ctorem
462 2378 630 2451 ducemque
658 2377 832 2438 desiderat:
861 2379 950 2437 etiam
971 2378 1037 2437 sine
1056 2378 1203 2452 magistro
1224 2381 1294 2441 vitia

322 2459 488 2521 discuntur.

702 2566 911 2579 aa*

599 2710 633 2789 l.
662 2706 802 2790 lllllt
829 2707 1000 2793 subruto

672 2860 721 2907 ΑΙ)
750 2861 939 2913 LUCILIUM

333 2973 759 3071 alluentium
807 2976 1277 3080 uetustiorem

700 3142 836 3206 LIBER
859 3144 907 3204 lv.

635 3438 973 3513 percensio]

290 3541 304 3590 1
378 3532 514 3592 Delectat
534 3539 580 3606 le,
608 3538 866 3608 quemadmodum
886 3538 1011 3612 scribis,
1039 3540 1134 3600 Lucili
1155 3541 1290 3601 virorum

318 3616 445 3686 optime,
470 3616 571 3676 Sicilia
588 3625 618 3677 el
634 3619 766 3679 officium
786 3623 1007 3695 procurationis
1024 3625 1140 3683 otiosae
1158 3625 1289 3685 delecta-

317 3696 440 3770 bitque,
470 3700 495 3759 si
524 3702 678 3762 continere
709 3704 738 3762 id
764 3706 841 3765 intra
867 3706 944 3763 lines
971 3723 1045 3767 suos
1074 3708 1206 3768 volueris
1233 3726 1289 3770 nee
