2942 4384
426 482 508 584 ‚nu
528 441 742 546 numn‘ons
763 482 898 543 maur.
920 494 945 545 1.
961 492 987 544 ι.
1167 484 1209 550 37

238 634 375 709 ingratos
392 648 535 706 vocares,
558 633 615 693 sed
630 633 755 693 oblitos:
778 641 931 709 tamquam
949 650 1047 695 eares
1059 636 1208 708 ingratum

238 725 368 778 excuset
388 732 468 792 quae
489 717 573 791 facit,
595 724 646 777 aut
667 717 817 791 quiahoc
837 718 947 778 accidit
967 718 1072 791 alicui,
1095 723 1209 781 nonsit

237 804 391 877 ingratus,
408 796 475 860 cu'm
486 800 546 859 hoc
557 817 618 860 non
629 801 748 860 accidat
760 801 817 860 nisi
830 801 956 875 ingrato.
986 802 1105 862 Multa
1120 812 1236 870 sunta

237 900 384 960 genera
405 884 659 957 ingratorum,
676 891 709 943 ιιι
721 885 827 958 furum,
843 893 875 944 ut
887 884 1114 957 homicidarum,
1132 903 1209 960 quo-

235 985 303 1029 rum
319 984 382 1027 una
399 969 489 1041 culpa
503 974 565 1040 εει,
586 973 718 1026 εειειιιιιι
737 968 766 1025 in
784 968 919 1042 partibus
934 969 1067 1028 varietas
1083 985 1207 1044 magna=

233 1054 375 1127 ‚ingratus
390 1057 453 1124 est,
476 1051 527 1125 qui
541 1051 722 1110 beneficium
739 1052 898 1125 accepisse
915 1067 949 1111 εε
961 1059 1052 1126 negat
1064 1053 1146 1127 quod
1158 1070 1208 1113 ac·

237 1136 332 1210 cepit,
356 1135 492 1207 ingratus
507 1141 554 1194 est
569 1134 620 1210 qui
637 1133 821 1205 dissimulat,
844 1135 980 1209 ingratus
996 1136 1046 1210 qui
1063 1153 1124 1196 non
1138 1139 1208 1197 red·

237 1218 296 1290 dit,
331 1216 623 1291 ingratissimus
657 1221 835 1289 omnium,
867 1218 932 1293 qui
967 1219 1208 1280 oblitus'est.

236 1302 282 1361 llli
302 1300 382 1360 enim
405 1302 431 1359 si
454 1316 515 1360 non
537 1301 674 1373 solvunt,
697 1308 797 1360 tamen
818 1301 931 1360 debent
953 1309 983 1361 et
1003 1310 1104 1366 exstat
1125 1306 1237 1377 apudt

220 1440 223 1443 ι
235 1386 307 1445 illos
321 1383 483 1458 vestigium
498 1391 579 1443 certe
594 1385 769 1445 meritorum
780 1385 859 1443 intra
868 1386 977 1443 malam
990 1386 1209 1445 conscientiam

236 1467 436 1528 inclusorum.
465 1466 629 1542 aliquando
651 1468 690 1526 ad
710 1466 902 1527 referendam
923 1468 1050 1541 gratiam
1072 1470 1208 1529 converti

236 1566 276 1610 ex
299 1550 402 1625 aliqua
423 1565 517 1609 causa
538 1557 683 1625 possunt,
703 1552 729 1611 si
751 1551 820 1610 illos
840 1552 941 1625 pudor
954 1552 1159 1625 admonuerit,
1181 1554 1208 1612 si

237 1634 340 1693 subita
366 1634 512 1693 honestae
533 1633 577 1693 rei
602 1634 767 1707 cupiditas,
799 1635 898 1708 qualis
920 1636 999 1694 solet
1022 1636 1061 1694 ad
1086 1644 1208 1710 tempus

236 1718 328 1776 etiam
343 1716 373 1775 in
390 1716 476 1776 malis
491 1716 667 1789 pectoribus
682 1732 864 1791 exsurgere,
887 1719 913 1777 si
928 1717 1099 1778 invitaverit
1110 1720 1208 1780 facilis

237 1800 380 1860 occasio:
403 1799 452 1858 hie
463 1817 626 1875 numquam
639 1800 704 1859 lieri
717 1808 821 1874 gratus
833 1808 949 1875 potest,
966 1802 1014 1861 cui
1026 1802 1209 1863 beneficium

236 1892 331 1944 totum
353 1886 491 1957 elapsum
514 1892 570 1944 εει.
603 1891 633 1943 ει
652 1891 750 1944 ιιιιιιιιι
773 1892 805 1943 tu
830 1885 965 1957 peiorem
988 1902 1097 1957 vocas,
1124 1888 1209 1960 apud

237 1982 329 2041 quem
349 1966 447 2041 gratia
461 1966 599 2026 beneficii
618 1967 767 2027 intercidit
781 1984 820 2025 an
839 1968 921 2040 apud
937 1985 1027 2040 quem
1043 1970 1130 2027 etiam
1146 1985 1208 2029 me-

234 2050 355 2110 moriaf
388 2049 498 2110 Vitiosi
519 2050 599 2110 oculi
621 2059 692 2111 sunt
708 2050 761 2125 qui
778 2051 877 2109 lucem
890 2051 1102 2124 reformidant,
1125 2051 1237 2111 caecis

236 2133 290 2207 qui
305 2149 366 2193 non
381 2135 493 2193 vident.
518 2141 548 2194 et
561 2142 705 2207 parentes
720 2149 796 2194 suos
811 2149 873 2193 non
888 2149 991 2194 amare
1004 2133 1134 2207 inpietas
1151 2143 1208 2207 est,

234 2233 297 2277 non
313 2217 504 2290 adgnoscere
518 2216 647 2277 insania.

297 2300 334 2358 ll.
364 2300 436 2373 Quis
454 2308 513 2359 tam
535 2301 670 2375 ingratus
694 2306 744 2360 est
764 2317 855 2375 quam
873 2298 941 2375 qui,
965 2300 1049 2374 quod
1064 2301 1095 2359 in
1113 2300 1237 2375 primal

234 2390 323 2457 parte
347 2383 438 2442 animi
464 2384 596 2457 positum
621 2399 692 2443 esse
715 2384 820 2444 debuit
839 2389 869 2444 et
894 2399 1016 2457 semper
1037 2400 1208 2456 occurrere,

235 2466 276 2525 ita
295 2466 436 2541 seposuit
455 2475 485 2526 et
505 2467 629 2541 abiecit,
654 2474 688 2526 ut
708 2468 737 2526 in
758 2467 958 2541 ignorantiam
980 2475 1132 2528 verteret?
1155 2469 1208 2548 ad·

235 2557 323 2623 paret
341 2549 423 2609 illum
445 2566 506 2610 non
529 2566 624 2625 saepe
647 2552 685 2612 de
705 2551 865 2611 reddendo
886 2551 1056 2623 cogitasse,
1083 2551 1131 2609 cui
1155 2552 1209 2609 ob-

234 2634 335 2707 repsit
346 2632 469 2692 oblivio.
505 2634 644 2710 Denique
658 2634 698 2694 ad
712 2634 900 2693 reddendam
914 2633 1040 2706 gratiam
1056 2642 1086 2692 et
1101 2634 1237 2693 virtutem

236 2730 316 2789 opus
337 2724 385 2775 εει
404 2724 433 2776 ει
452 2724 591 2791 ιειιιροιε
612 2726 642 2777 ει
663 2717 806 2776 facultate
826 2722 856 2775 ει
877 2715 1053 2789 adspirante
1070 2717 1206 2774 fortuna:

236 2800 288 2872 qui
309 2800 458 2873 meminit,
484 2802 551 2861 sine
573 2798 718 2876 inpendio
734 2806 837 2873 gratus
852 2806 909 2859 est
944 2799 1024 2871 Hoc,
1046 2800 1129 2873 quod
1146 2816 1208 2860 non

236 2896 362 2955 operam
377 2883 483 2957 exigit,
506 2900 568 2945 non
584 2899 675 2958 ορεε,
698 2900 760 2943 uon
776 2883 964 2955 felicitatem,
981 2883 1106 2956 quinon
1119 2898 1207 2958 prae-

236 2972 310 3037 stat,
338 2966 453 3025 nullum
478 2966 571 3029 habet
595 2983 657 3041 quo
684 2966 776 3027 lateat
800 2966 1012 3041 patrocinium.
1043 2983 1208 3041 numquam

237 3048 339 3121 [enim]
354 3051 450 3110 voluit
464 3056 568 3125 gratus
583 3065 670 3123 esse,
693 3050 746 3124 qui
759 3049 942 3108 beneficium
955 3055 1015 3108 tam
1031 3050 1122 3123 longe
1138 3066 1208 3123 pro·

237 3128 320 3204 iecit,
343 3139 377 3193 ul
395 3139 479 3192 extra
503 3141 703 3208 conspectum
723 3149 813 3193 suum
833 3139 969 3207 poneret.
1008 3130 1237 3203 Quemadmos

238 3212 308 3272 dum
328 3230 409 3289 quae
428 3215 456 3275 ln
472 3232 532 3277 usu
548 3223 620 3276 sunt
635 3222 665 3275 et
678 3232 800 3277 manum
816 3215 928 3277 cotidie
942 3218 1117 3287 tactumque
1132 3213 1207 3287 pati·

238 3303 340 3371 untur,
370 3314 535 3373 numquam
561 3300 729 3374 periculum
750 3299 827 3358 situs
850 3296 979 3367 adeunt,
1003 3296 1054 3354 illa
1069 3311 1148 3371 quae
1168 3296 1209 3354 ad

240 3381 344 3440 oculos
365 3398 426 3441 non
440 3390 637 3457 revocantur,
660 3382 717 3443 sed
733 3388 820 3440 extra
833 3379 1097 3440 conversationem
1111 3386 1144 3438 ut
1157 3395 1209 3438 su·

241 3475 392 3535 pervacua
411 3466 584 3538 iacuerunt,
608 3464 718 3525 sordes
734 3464 805 3539 ipsa
820 3462 965 3537 colligunt
980 3470 1145 3523 vetustate:
1167 3463 1210 3522 ita

243 3545 383 3623 quicquid
406 3549 552 3624 frequens
573 3549 715 3623 cogitatio
737 3554 862 3609 exercet
878 3562 914 3606 ac
928 3552 1071 3618 renovat,
1094 3561 1207 3605 memo-

243 3625 475 3707 riaenumquam
487 3630 681 3708 subducitur,
697 3646 777 3708 quae
787 3630 862 3691 uilril
872 3628 986 3707 perdit,
1002 3628 1061 3690 nisi
1072 3630 1113 3691 ad
1125 3629 1210 3707 quod

244 3722 299 3772 non
312 3730 408 3792 saepe
423 3713 569 3791 respexit.
