2942 4384
314 372 355 437 58
599 376 633 436 L.
654 374 801 436 ANNAEI
821 376 996 437 SENECAE

313 526 454 588 licitatem
471 526 660 602 parentibus,
680 535 713 588 ut
728 528 877 586 fateantur
890 533 947 600 [se]
960 527 1047 602 ipsos
1059 525 1229 590 liberorum
1238 529 1283 592 be·

314 610 431 670 neliciis
452 612 597 686 inpares?
623 610 682 668 nisi
701 610 761 668 boc
781 612 822 669 itu
844 609 1028 684 iudicamuS,
1058 613 1284 686 excusationem

314 695 548 755 damus'liberis
570 701 599 752 et
619 694 687 751 illos
710 693 870 765 segniores
891 694 929 752 ad
952 694 1144 754 referendam
1163 697 1284 770 gratiam

314 777 460 848 iacimus,
489 777 600 851 quibus
627 776 766 835 stimulos
792 776 915 835 adicere
941 777 1087 836 debemus
1115 786 1147 839 et
1171 779 1292 862 diceret,

313 861 373 920 hoc
395 859 490 932 agite,
513 860 616 932 optimi
636 860 773 917 iuvenes.
804 858 966 932 proposita
986 867 1033 918 est
1052 858 1132 918 inter
1148 869 1284 935 parentes

315 959 351 1002 ac
367 944 480 1001 liberos
495 942 623 1001 honesta
639 942 808 1014 contentio,
826 942 965 1000 dederint
978 942 1095 1000 maiora
1110 960 1149 1002 an
1164 959 1283 1019 recepe·

286 1025 303 1078 3
315 1025 382 1084 rint.
414 1024 480 1083 Non
493 1026 561 1083 ideo
574 1025 719 1106 vicerunt,
735 1024 805 1098 quia
819 1033 1055 1098 occupaverunt.
1076 1028 1188 1087 sumite
1200 1027 1284 1088 moda

317 1107 450 1167 animum
467 1108 587 1181 qualem
602 1108 691 1166 decet
706 1115 735 1166 et
753 1108 885 1167 deficere
906 1108 1013 1167 nolite:
1036 1106 1166 1169 vincetis
1184 1118 1283 1185 optau-

314 1201 372 1251 tes.
394 1206 450 1248 nec
467 1191 578 1250 desunt
591 1198 652 1250 tam
669 1190 795 1264 pulchro
812 1191 967 1249 certamini
986 1190 1097 1265 duces,
1121 1194 1174 1266 qui
1191 1194 1230 1252 ad
1250 1193 1284 1252 si·

315 1275 397 1334 milia
412 1289 467 1332 vos
485 1274 681 1333 cohortentur
697 1289 732 1332 ac
750 1289 804 1348 per
816 1274 945 1347 vestigia
959 1289 1015 1334 sua
1026 1273 1070 1333 ire
1081 1274 1123 1333 ad
1135 1276 1285 1336 victoriam

316 1372 410 1431 saepe
425 1356 484 1415 iarn
501 1365 616 1430 partam
631 1373 671 1416 ex
685 1357 862 1431 parentibus
879 1357 1010 1416 iubeant.

289 1436 303 1487 l
377 1439 524 1498 lClXVll.
551 1438 632 1498 Vicit
653 1444 776 1497 Aeneas
800 1446 931 1511 patrem,
954 1441 1023 1513 ipse
1037 1438 1103 1498 eius
1118 1440 1148 1498 in
1164 1440 1287 1500 infantie

315 1523 384 1580 leue
405 1527 562 1594 tutumque
583 1528 755 1593 gestamen,
784 1537 906 1594 gravem
929 1523 1014 1582 senio
1036 1538 1092 1596 per
1114 1523 1217 1582 media
1237 1524 1286 1584 ho·

316 1605 408 1663 stium
422 1604 542 1676 agmina
556 1611 585 1662 et
600 1619 655 1676 per
671 1604 807 1663 cadentis
827 1605 907 1663 circa
919 1621 954 1664 se
965 1605 1164 1664 urbisruinas
1178 1607 1285 1678 tereus,

317 1703 384 1746 cum
406 1688 576 1760 conplexus
597 1702 686 1745 sacra
707 1703 743 1745 ac
765 1695 891 1760 penates
913 1688 989 1747 deos
1010 1687 1175 1760 religiosus
1194 1703 1287 1749 senex
1329 1683 1331 1730 t

316 1786 377 1829 non
401 1769 530 1843 simplici
553 1770 711 1828 vadentem
734 1771 855 1830 sarcina
876 1780 1035 1845 premeret.
1056 1770 1123 1830 tulit
1137 1771 1222 1831 illum
1237 1787 1287 1846 per
1328 1765 1331 1820 ’ἶ

316 1855 420 1926 ignes,
443 1861 473 1912 et
489 1854 576 1927 (quid
593 1868 653 1911 non
670 1852 767 1927 pietas
782 1859 918 1927 potesta)
933 1854 1052 1927 pertulit
1064 1854 1288 1929 colendumque

287 1934 394 1995 linter
413 1937 587 1997 conditores
607 1936 735 1996 Romani
751 1937 882 2010 imperii
906 1938 1018 2010 posuit.
1060 1937 1173 1995 Vicere
1198 1935 1287 1997 Siculi

316 2020 458 2079 iuvenes:
489 2035 556 2079 cum
578 2020 677 2080 Aetna
698 2020 812 2078 maiore
831 2018 861 2078 vi
882 2021 1049 2093 peragitata
1073 2020 1102 2078 in
1123 2018 1233 2091 urbes,
1259 2020 1287 2078 in

316 2120 425 2177 agroS,
453 2104 483 2161 in
502 2118 642 2176 magnam
663 2104 782 2162 insulae
797 2110 913 2175 partem
929 2103 1090 2163 effudisset
1104 2102 1287 2174 incendium,

317 2193 466 2244 vexerunt
488 2193 629 2259 parentes
652 2202 736 2245 suos.
766 2186 951 2246 discessisse
971 2186 1117 2245 creditum
1139 2192 1188 2245 est
1203 2186 1287 2259 ignes

317 2275 348 2327 et
368 2268 519 2342 utrimque
540 2267 662 2327 flamma
682 2268 846 2328 recedente
865 2269 988 2328 limitem
1009 2270 1205 2344 adapertum,
1236 2283 1288 2343 per

318 2366 409 2424 quem
429 2358 671 2410 transcurrerent
686 2352 811 2411 iuvenes
828 2351 1012 2426 dignissimi,
1035 2353 1086 2426 qui
1101 2367 1212 2424 magna
1226 2358 1286 2411 tuto

288 2434 473 2493 tenderent.
508 2434 590 2492 Vicit
609 2436 800 2509 Antigonus:
824 2437 875 2509 qui
896 2451 963 2493 cum
978 2434 1089 2508 ingenti
1106 2434 1224 2508 proelio
1238 2450 1286 2493 su·

317 2525 458 2591 perasset
480 2518 614 2591 hostem,
640 2518 808 2593 praemium
822 2518 892 2577 belli
910 2519 948 2577 ad
965 2526 1078 2592 patrem
1094 2517 1247 2577 transtulit
1260 2524 1288 2576 et

317 2600 477 2675 imperium
497 2602 538 2660 illi
559 2601 652 2678 Cypri
674 2602 805 2661 tradidit.
837 2602 897 2660 boc
918 2609 966 2660 est
983 2616 1125 2674 regnum,
1146 2601 1228 2659 nolle
1243 2615 1287 2658 re

289 2683 428 2756 tgnare,
456 2701 523 2743 cum
547 2685 659 2758 possis.
699 2685 781 2746 Vicit
805 2693 921 2759 patrem
946 2684 1143 2758 imperiosum
1164 2683 1287 2757 quidem

318 2766 465 2824 Manlius=
490 2767 541 2837 qui
558 2783 625 2825 cum
640 2775 709 2825 ante
724 2767 764 2825 ad
780 2776 897 2842 tempus
913 2767 1064 2840 relegatus
1077 2772 1161 2825 esset
1172 2782 1191 2825 a
1203 2773 1288 2840 patre

320 2847 359 2906 ob
375 2847 412 2905 ad
418 2850 612 2907 ulescentiam
625 2850 743 2908 brutam
755 2858 785 2909 et
795 2849 948 2922 hebetem,
965 2850 1002 2908 ad
1016 2850 1167 2908 tribunum
1179 2848 1287 2922 plebis,

320 2930 371 3002 qui
384 2930 461 3004 patri
472 2947 529 2990 suo
542 2932 660 2992 dlxerat
675 2933 763 3006 diem,
777 2934 859 2992 venit
871 2933 1027 3007 petitoque
1039 2940 1187 3005 tempore,
1205 2930 1289 3005 tluod

318 3010 369 3072 ille
388 3013 515 3072 dederat
537 3031 665 3088 sperans
686 3016 753 3075 lore
773 3016 960 3089 proditorem
975 3017 1111 3089 parentis
1126 3014 1233 3087 invisi,
1261 3019 1290 3073 el

318 3096 397 3155 bene
417 3097 566 3157 meruisse
584 3113 619 3157 se
635 3099 673 3157 de
688 3097 798 3157 iuvene
812 3100 969 3169 credebat,
992 3099 1079 3156 cuius
1094 3097 1216 3156 exilium
1233 3110 1288 3171 pro

318 3180 499 3253 gravissimo
521 3182 645 3242 crimine
665 3181 743 3241 inter
763 3181 823 3240 alia
844 3181 955 3240 Manlio
973 3182 1136 3253 obiciebat,
1158 3187 1289 3239 nanctus

319 3264 502 3323 adulescens
533 3274 682 3325 secretum
714 3264 831 3337 stringit
861 3266 1044 3324 occultatum
1075 3263 1144 3323 sinu
1176 3264 1289 3322 terrum

319 3354 362 3418 et,
391 3349 450 3406 atsi
469 3350 567 3417 taras,
596 3348 706 3421 inquit,
742 3354 770 3407 te
795 3350 872 3406 diem
894 3351 977 3421 patri
1002 3349 1207 3418 remissuram,
1235 3347 1290 3406 ltoe

318 3433 346 3489 te
366 3431 469 3503 plodio
493 3429 701 3503 transfodtam.
736 3433 768 3489 ia
791 3436 842 3489 tua
866 3436 1008 3503 potestate
1028 3436 1089 3501 est,
1117 3437 1184 3488 atro
1205 3429 1289 3488 modo

312 3518 403 3585 pater
426 3529 507 3571 meus
531 3520 731 3572 accusatorem
754 3507 813 3572 noa
839 3512 954 3571 habeat.
999 3511 1111 3571 Iuravit
1138 3510 1287 3582 tribunus,

320 3607 377 3651 nec
404 3594 508 3656 lelellit
533 3603 562 3657 et
586 3603 711 3656 causam
730 3595 859 3656 actionis
883 3596 1031 3657 remissae
1052 3593 1194 3658 concioni
1216 3592 1286 3655 red·
