2942 4384
423 466 563 528 NATUR.
581 466 742 542 QUAEST.
763 468 837 528 LIB.
852 468 917 529 Vll.
936 475 1034 532 5—6.
1153 464 1215 530 301

239 638 280 682 ex
301 620 413 693 nitido,
436 639 474 682 ne
496 637 536 682 ex
557 621 658 695 aliqua
679 638 775 681 causa
789 621 899 681 refluat
912 637 1019 681 rursus
1034 636 1070 679 ac
1084 620 1216 680 remitta-

240 717 302 779 tur,
326 706 436 765 deinde
457 706 563 765 iterum
584 707 722 779 proximo
745 706 795 764 die
815 721 850 763 ac
874 704 1073 781 sequentibus
1089 720 1215 763 consur·

240 807 314 865 gere
329 797 358 849 et
373 790 511 849 eumdem
529 792 628 848 locum
642 788 840 847 inflammare.
862 788 1004 848 videmus
1016 788 1094 847 enim
1106 796 1216 848 ventos

242 890 297 949 per
317 875 482 947 conplures
504 874 570 932 dies
592 873 631 931 ad
649 873 845 932 constitutum
860 871 971 930 redire.
1003 871 1125 945 pluviae
1141 887 1215 945 quo·

241 974 302 1031 que
323 965 353 1016 et
373 957 430 1016 alia
454 964 664 1030 tempestatum
683 970 797 1029 genera
818 956 857 1013 ad
876 956 1098 1029 praescriptum
1113 970 1216 1013 rever-

241 1046 374 1101 tuntur.“
418 1041 465 1099 Ut
497 1039 674 1099 breviter
705 1046 831 1098 autem
863 1040 1099 1098 voluntatem
1131 1039 1245 1099 eiusd

240 1122 463 1197 exprimam,
497 1125 626 1182 eadem
658 1122 748 1181 lieri
774 1122 927 1181 ratione
953 1122 1023 1182 hos
1045 1129 1215 1181 cometas

240 1208 454 1277 existimat,
478 1223 551 1281 qua
573 1207 802 1284 liuntignes
821 1206 975 1265 turbine
991 1206 1117 1265 eiecti.
1149 1206 1216 1264 Hoc

237 1306 333 1350 unum
356 1291 494 1361 interest,
517 1290 600 1364 quod
621 1290 662 1347 illi
684 1290 844 1365 [turbines]
863 1306 902 1347 ex
917 1289 1068 1362 superiori
1084 1288 1215 1363 partein

238 1381 337 1433 terras
353 1374 570 1449 deprimuntur,
589 1373 619 1431 hi
634 1373 673 1431 de
687 1381 768 1432 terra
782 1373 811 1431 in
827 1372 987 1445 superiora
1003 1374 1180 1432 eluctantur.

302 1457 368 1515 VII.
390 1458 592 1516 Adversus
615 1456 710 1515 haec
732 1458 1055 1516 multadicuntur.
1084 1455 1241 1517 Primuml

238 1540 265 1599 si
286 1547 397 1600 ventus
418 1541 448 1601 in
471 1555 565 1599 causa
586 1546 684 1609 esset,
706 1556 871 1614 numquam
893 1547 1026 1598 cometes
1042 1541 1108 1599 sine
1124 1547 1214 1598 vento

238 1623 415 1697 adpareret:
431 1640 511 1683 nunc
523 1624 1081 1698 autemetquietissimoaereadparet.
1103 1622 1216 1681 deinde

238 1708 266 1766 si
282 1714 373 1766 vento
390 1707 490 1777 fieret,
515 1724 583 1766 cum
599 1715 689 1767 vento
706 1708 843 1778 caderet,
865 1713 895 1765 et
910 1705 937 1765 si
952 1714 1043 1766 vento
1058 1706 1214 1779 inciperet,

238 1798 392 1849 cresceret
408 1797 498 1850 vento
514 1806 615 1864 eoque
631 1798 715 1849 esset
728 1790 891 1860 ardentior,
916 1807 976 1864 quo
992 1791 1042 1850 ille
1057 1789 1214 1850 incitatior.

237 1873 294 1932 llis
307 1874 425 1932 accedit
439 1874 513 1932 illud
526 1889 664 1948 quoque,
681 1875 764 1948 quod
777 1882 884 1933 ventus
898 1876 1006 1933 multas
1020 1875 1099 1933 a'e'ris
1112 1882 1214 1947 partes

237 1955 371 2030 inpellit,
395 1966 529 2016 cometes
550 1959 580 2015 in
601 1974 663 2016 uno
681 1957 749 2017 loco
768 1958 909 2031 adparet,
932 1964 962 2016 et
982 1965 1091 2016 ventus
1112 1957 1141 2015 in
1164 1974 1214 2016 su-

237 2038 329 2098 blime
344 2056 405 2098 non
421 2042 573 2115 pervenit,
595 2048 731 2100 cometae
747 2050 846 2100 autem
862 2041 1000 2100 visuntur
1014 2056 1109 2115 supra
1124 2057 1214 2115 quam

238 2122 283 2181 ire
309 2124 409 2182 ventis
435 2123 512 2183 licet.
548 2124 707 2184 Transit
735 2124 875 2183 deinde
900 2125 945 2182 ad
975 2124 1082 2195 illos,
1116 2137 1241 2197 quosu

237 2207 292 2265 ait
316 2207 522 2266 certiorem
548 2207 692 2266 habere
720 2209 921 2266 stellarum
944 2209 1131 2281 speciem,
1161 2206 1214 2282 qui

238 2296 269 2349 et
284 2291 455 2364 procedunt
469 2298 498 2349 et
509 2290 596 2364 signa
610 2299 811 2365 praetereunt.
833 2290 904 2351 hos
926 2292 979 2349 ait
1001 2306 1044 2349 ex
1067 2290 1214 2349 eisdem

238 2373 370 2432 causis
399 2372 491 2432 fieri
520 2375 662 2448 quibus
690 2375 797 2447 illos,
829 2391 908 2448 quos
926 2374 1002 2433 dixit
1021 2374 1213 2434 humiliores:

237 2456 296 2515 hoc
318 2464 432 2542 tantum
450 2458 611 2531 interesse,
633 2458 717 2532 quod
733 2466 880 2517 terrarum
896 2457 1106 2518 exhalationes
1121 2458 1215 2516 multa

237 2554 343 2599 secum
364 2541 449 2599 arida
470 2542 602 2601 serentes
624 2540 785 2600 celsiorem
806 2547 909 2615 petant
929 2547 1044 2613 partem
1060 2542 1132 2599 etin
1150 2541 1213 2599 edi·

236 2623 316 2681 tiore
331 2625 407 2683 coeti
424 2622 567 2698 aquilone
583 2626 741 2698 pellantur.
779 2623 891 2683 Siitlos
903 2625 1006 2696 aquilo
1022 2626 1243 2698 propellerets

237 2706 276 2764 ad
298 2707 455 2765 meridiem
475 2724 598 2783 semper
620 2716 791 2781 agerentur,
812 2722 873 2781 quo
889 2714 1004 2785 'ventus
1025 2705 1075 2766 hic
1096 2706 1212 2765 nititur=

236 2791 321 2863 atqui
343 2790 427 2849 varie
446 2798 644 2863 concurrunt,
670 2792 719 2850 alii
742 2793 770 2849 in
793 2798 906 2863 ortum,
937 2790 987 2849 alii
1006 2790 1036 2848 in
1059 2806 1212 2861 occasum,

237 2887 345 2931 omnes
359 2874 388 2931 in
406 2872 535 2946 llexum,
560 2875 644 2948 quod
659 2874 714 2933 iter
728 2892 789 2936 non
807 2876 893 2933 daret
905 2881 1024 2933 ventus.
1058 2873 1175 2933 Deinde
1186 2873 1213 2931 si

236 2956 391 3030 aquilonis
412 2956 480 3016 illos
502 2957 624 3032 inpetus
645 2958 674 3016 in
696 2960 789 3018 altum
805 2960 934 3034 levaret,
955 2956 1023 3018 aliis
1037 2956 1136 3017 ventis
1151 2973 1213 3016 non

236 3040 387 3099 orirentur
402 3048 554 3099 cometae:
578 3042 660 3115 atqui
676 3044 823 3102 oriuntur.

300 3123 379 3182 Vlll.
408 3124 491 3182 lllam
513 3141 593 3184 nunc
609 3125 759 3185 rationem
775 3124 840 3184 eius
857 3131 999 3199 (utraque
1014 3122 1093 3183 enim
1108 3124 1239 3193 utitur)1

224 3206 419 3266 refellamus.
457 3207 606 3281 Quicquid
621 3208 736 3267 humidi
751 3209 889 3282 aridique
900 3215 981 3268 terra
994 3206 1122 3277 efflavit,
1143 3222 1212 3265 eum

234 3289 265 3348 in
282 3306 375 3348 unum
391 3289 465 3363 coit,
488 3292 556 3365 ipsa
572 3291 726 3351 discordia
742 3308 905 3365 corporum
918 3291 1056 3366 spiritum
1067 3296 1171 3349 versat
1181 3290 1212 3347 in

235 3372 396 3433 turbinem.
428 3381 501 3433 tunc
522 3375 572 3433 illa
587 3376 633 3433 vis
650 3374 730 3433 venti
745 3375 957 3434 circumeuntis
974 3375 1118 3449 quicquid
1133 3372 1212 3432 intra

236 3473 271 3515 se
293 3456 529 3529 conprehendit,
556 3474 649 3517 cursu
671 3458 811 3517 accendit
831 3466 860 3518 et
882 3459 963 3518 levat
986 3458 1016 3516 in
1039 3459 1148 3528 altum,
1174 3471 1211 3515 ac

235 3550 295 3599 tam
311 3540 363 3599 diu
378 3549 479 3599 manet
494 3542 641 3616 splendor
654 3539 734 3614 ignis
746 3542 897 3615 expressi,
913 3542 1058 3616 quamdiu
1071 3539 1212 3599 alimenta

235 3623 402 3683 sufficiunt.
427 3625 539 3699 quibus
557 3625 767 3684 desinentibus
782 3633 812 3685 et
826 3626 894 3699 ipse
909 3624 1048 3685 subsidit.
1083 3624 1138 3697 Qui
1153 3624 1240 3683 hoca
1292 3679 1302 3696 ,

234 3705 317 3790 dicit,
332 3722 393 3768 non
404 3714 496 3783 notat,
510 3708 608 3784 qualis
621 3709 660 3769 sit
671 3707 823 3769 turbinum
835 3723 945 3769 cursus
957 3715 987 3768 et
998 3707 1097 3783 qualis
1109 3722 1209 3767 cortro-
