2942 4384
473 450 523 510 DE
543 448 757 513 annullatis
777 449 839 508 LlB
853 450 876 507 l.
899 459 924 510 1.
940 458 966 511 2.
1078 536 1080 540 Ι
1187 449 1208 511 3

235 602 332 662 luisse
346 602 484 674 mallent,
508 615 579 659 esse
595 598 713 673 patitur.
742 599 808 658 Hoc
824 606 854 658 et
868 600 967 672 magni
984 599 1073 658 animi
1090 602 1248 663 ethanim

237 683 393 759 proprium
409 690 547 756 est,·non
563 683 691 742 fructum
708 682 924 740 beneficiorum
941 684 1044 756 sequi,
1061 684 1116 741 sed
1129 685 1207 757 ipsa,

236 778 264 827 et
279 774 351 842 post
366 767 464 825 malos
482 781 605 839 quoquc
621 765 733 846 bonum
756 779 915 836 quaerere.
954 765 1033 838 Quid
1053 768 1207 839 magnifici

238 860 299 910 erat
312 849 417 909 multis
433 850 598 923 prodesse,
613 848 639 907 si
657 863 745 906 nemo
761 848 939 921 deceperit?
952 865 1032 908 nunc
1050 855 1097 908 est
1112 851 1206 909 virtus

239 934 310 993 dare
325 932 476 992 beneficia
486 948 546 991 non
559 932 663 1005 utique
674 931 818 1000 reditura,
834 947 963 1004 quorum
975 948 993 989 a
1006 932 1070 991 viro
1083 934 1207 1007 egrerio

239 1016 337 1077 statim
363 1016 479 1074 fructus
502 1023 665 1088 perceptus
687 1021 743 1072 est.
777 1014 865 1073 Adeo
883 1015 1004 1088 quidem
1024 1015 1081 1073 ista
1096 1032 1146 1075 res
1174 1034 1207 1075 u·
1218 1021 1249 1074 13

237 1115 307 1173 gare
329 1114 388 1158 nos
410 1106 441 1157 et
461 1097 611 1172 pigriores
632 1099 751 1156 adrem
772 1096 1003 1170 pulcherrimam
1025 1101 1126 1157 lacere
1146 1117 1207 1159 non

239 1183 341 1255 debet,
366 1187 399 1240 ut
420 1181 445 1238 si
467 1196 540 1253 spes
556 1179 627 1238 mihi
649 1179 842 1253 praecidatur
855 1187 972 1253 gratum
993 1182 1145 1241 homiuem
1159 1199 1206 1241 re-

238 1265 390 1338 periendi,
410 1264 508 1322 malim
523 1278 583 1321 non
605 1264 743 1336 recipere
764 1263 914 1322 beneficia
930 1280 1019 1337 quam
1039 1282 1100 1323 nou
1122 1266 1205 1337 dare,

239 1350 306 1421 quia
323 1348 377 1421 qui
393 1363 452 1405 non
469 1347 533 1418 dat,
556 1344 659 1404 vitium
681 1345 788 1418 ingrati
807 1347 967 1404 antecedit.
1002 1348 1106 1407 Dicam
1124 1350 1205 1422 quod

189 1437 191 1452 '
238 1432 353 1490 sentio:
383 1430 435 1503 qui
456 1427 636 1489 beneficium
663 1445 723 1488 non
745 1428 859 1502 reddit,
889 1429 986 1502 magis
1008 1438 1131 1504 peccat.
1155 1432 1206 1504 qui

237 1530 293 1573 non
310 1515 379 1585 dat,
399 1514 495 1572 citius.

274 1598 314 1655 ll.
359 1598 512 1667 Beneficio
528 1600 558 1656 io
572 1600 673 1669 colpus
691 1613 757 1655 cum
777 1599 889 1670 taratra·
903 1600 1070 1669 institueres,
1129 1664 1139 1684 .
1222 1612 1235 1660 1

365 1681 522 1739 Perdendtt
538 1686 607 1740 sunt
621 1684 728 1751 multo,
751 1686 784 1739 at
800 1685 889 1740 semel
898 1698 995 1756 ponas
1009 1684 1089 1741 bene.

236 1764 265 1821 ln
283 1762 388 1837 prlore
407 1778 495 1821 versu
512 1770 673 1836 utrumque
691 1763 916 1836 reprehendas:
942 1782 1009 1822 nam
1026 1781 1083 1822 nec
1097 1764 1126 1822 iu
1141 1768 1205 1824 vol-

236 1862 291 1919 gus
308 1845 495 1905 effundenda
511 1854 581 1905 sunt
596 1852 626 1905 et
638 1847 749 1905 nullius
766 1848 824 1919 rei,
848 1848 968 1906 minime
987 1847 1205 1907 beneficiorum

236 1928 367 1989 honesta
381 1930 499 2002 largitio
515 1936 571 1987 est.
609 1928 721 2003 quibus
737 1929 764 1987 si
779 1931 949 1989 detraxeris
965 1932 1124 2001 iudicium,
1153 1932 1205 1989 de-

236 2014 340 2072 sinunt
355 2028 425 2071 esse
440 2012 603 2084 beuelicia,
621 2014 648 2070 in
665 2012 748 2071 aliud
764 2014 921 2086 quodlibet
936 2016 1070 2072 incident
1084 2029 1204 2073 nomeu.

236 2096 378 2169 Sequens
393 2112 504 2155 sensus
521 2091 665 2154 mirificus
680 2101 741 2166 est,
758 2097 809 2169 qui
826 2111 886 2154 uno
904 2096 982 2154 bene
998 2097 1098 2169 posito
1114 2098 1193 2154 bene
1222 2110 1239 2161 a

235 2179 305 2238 licio
321 2181 483 2238 multorum
501 2180 682 2237 amissorum
705 2179 816 2237 damna
837 2179 961 2237 solatur.
986 2180 1082 2252 Vide,
1099 2196 1152 2238 oro
1168 2188 1205 2252 te,

236 2279 273 2321 ne
291 2262 352 2321 hoe
367 2270 397 2321 et
412 2263 513 2321 verius
530 2263 569 2320 sit
585 2269 614 2321 et
629 2262 827 2333 magnitudini
844 2263 922 2321 bene
938 2263 1077 2322 facientis
1094 2262 1205 2336 aptius,

233 2352 266 2405 ut
280 2345 365 2404 illum
380 2344 535 2404 hortemur
552 2346 589 2403 ad
612 2345 729 2418 danda,
751 2345 869 2404 etiamsi
891 2348 1005 2405 nullum
1025 2346 1104 2405 bene
1121 2345 1205 2420 posi-

234 2438 321 2489 turus
337 2437 394 2487 est:
426 2428 500 2487 illud
520 2428 600 2486 enim
621 2429 730 2487 laisum
757 2435 805 2487 est
824 2431 1073 2504 perdendorum
1097 2434 1205 2489 multu:

235 2513 350 2571 nullum
372 2512 462 2584 perit,
484 2510 556 2586 quia
576 2511 627 2585 qui
650 2512 750 2585 perdit
770 2519 1000 2587 conputaverat.
1035 2514 1237 2575 Beneficio3

234 2612 301 2653 rum
316 2593 446 2668 simplex
468 2595 543 2654 ratio
559 2600 623 2653 est:
639 2602 752 2654 tantum
772 2603 923 2669 erogatur.
938 2596 974 2661 ‚si
988 2595 1067 2654 redit
1081 2597 1205 2669 aliquid,

234 2679 354 2737 lucrum
369 2685 424 2736 est.
459 2678 486 2736 si
511 2693 572 2736 non
596 2678 688 2749 redit,
706 2678 849 2757 danrnum
875 2686 1014 2736 nonest.
1049 2678 1115 2751 Ego
1131 2679 1205 2736 illud

235 2760 321 2831 dedi,
345 2766 378 2819 ut
398 2762 512 2819 darem.
548 2775 637 2820 nemo
665 2759 814 2819 beneficia
839 2762 869 2819 in
889 2760 1063 2819 calendario
1089 2760 1203 2831 scribit,

234 2858 293 2901 nec
318 2859 430 2903 avarus
454 2849 579 2903 exactor
595 2844 633 2901 ad
655 2843 760 2903 horam
784 2852 813 2903 rt
833 2845 913 2903 diem
936 2845 1078 2917 adpellat.
1113 2845 1204 2903 Num-

235 2942 326 3000 quam
341 2925 393 2985 illa
411 2927 456 2984 vir
476 2927 576 2986 bonus
595 2926 709 2998 cogitat
729 2928 788 2985 nisi
808 2928 980 2988 admonitus
1006 2929 1204 2987 areddeute=

234 3010 412 3083 alioquinin
432 3010 556 3069 lormam
573 3009 678 3068 crediti
692 3016 866 3070 transeunts
880 3011 977 3085 turpis
994 3012 1140 3071 feneratio
1159 3020 1206 3071 est

234 3091 416 3151 beneficium
429 3108 599 3165 expensum
613 3093 701 3150 serre.
717 3093 955 3169 Qualiscumque
967 3096 1103 3168 priorum
1114 3110 1204 3153 even·
1219 3105 1237 3156 l

234 3182 283 3233 tus
298 3182 360 3245 est,
385 3191 549 3248 persevera
564 3177 593 3234 in
610 3176 686 3235 alios
702 3178 856 3237 conferre:
877 3179 985 3237 melius
1001 3180 1085 3251 apud
1105 3178 1204 3249 ingra-

235 3264 283 3316 tos
308 3258 465 3330 iacebunt,
488 3274 568 3333 quos
595 3261 769 3332 autpudor
790 3270 841 3320 aut
861 3260 985 3320 occasio
1008 3268 1059 3319 aut
1082 3259 1204 3319 imitatio

235 3341 399 3414 aliquando
426 3348 529 3414 gratos
556 3343 665 3416 poterit
685 3343 817 3401 efficere.
852 3343 896 3401 Ne
914 3345 1101 3415 cessaveris,
1125 3360 1204 3417 opus

235 3430 316 3482 tuum
342 3440 454 3497 perage
479 3432 509 3483 et
537 3434 639 3499 partes
664 3425 737 3483 boni
759 3426 814 3492 viri
837 3443 1017 3501 exsequere.
1053 3418 1143 3485 alium
1162 3442 1202 3498 re,

237 3506 325 3565 ulium
350 3507 426 3577 fide,
455 3507 546 3567 alium
571 3509 682 3582 gratia,
710 3510 801 3567 alium
826 3511 970 3582 consilio,
998 3511 1088 3569 alium
1118 3525 1204 3583 prae—

237 3591 331 3663 ceptis
354 3590 528 3650 salubribus
551 3592 682 3650 adiuva=
715 3592 818 3653 officia
843 3597 931 3653 etiam
957 3595 1039 3652 ferae
1064 3595 1235 3663 sentiunt,5

238 3685 290 3731 nec
304 3675 403 3733 ullum
422 3681 483 3734 tam
504 3675 725 3735 inmansuetum
745 3678 853 3735 animal
870 3684 931 3750 est,
954 3678 1036 3750 quod
1054 3694 1114 3737 uon
1131 3678 1204 3736 cura

959 3758 997 3819 l*
