2942 4384
264 436 305 498 90
558 435 592 493 L.
613 434 761 494 ANNAEI
783 432 958 493 SENECAE

264 582 377 663 cogniti
397 586 489 646 maris
510 585 638 645 iudicet=
666 584 773 644 eadem
797 589 853 657 [re]
874 582 997 658 gloriari
1018 582 1164 645 Socrates
1185 601 1228 661 pe

261 672 331 744 luit,
356 672 462 729 eadem
482 669 650 743 Diogenes,
673 685 691 726 a
713 685 774 742 quo
797 668 902 743 utique
921 668 1021 727 victus
1042 676 1100 728 est.
1136 669 1229 745 quidni

263 754 362 816 victus
385 756 423 813 sit
443 754 493 812 illo
515 753 579 827 die,
602 768 662 826 quo
679 751 769 810 houm
785 767 881 826 super
894 766 1069 811 mensuram
1087 751 1229 812 humanae

264 837 427 913 superbiae
449 844 569 896 tumens
585 836 658 894 vidit
676 836 824 909 aliquem,
846 832 895 894 cui
909 850 966 893 nec
982 835 1057 894 dare
1074 835 1231 912 quicquam

233 929 371 998 ppnssel
390 936 445 979 nec
460 920 600 994 eriperet
625 918 795 978 Archelaus
810 934 865 976 rex
880 917 1036 978 Socratem
1052 922 1189 994 rogavit,
1206 925 1233 980 ut

264 1007 301 1066 ad
321 1021 355 1064 se
369 1005 500 1063 veniret:
524 1003 641 1061 dixisse
662 1001 805 1061 Socrates
823 1002 949 1061 traditur
969 1003 1050 1061 nolle
1065 1017 1101 1062 se
1117 1004 1157 1063 ad
1173 1020 1234 1064 eum

264 1088 381 1161 venire,
403 1103 498 1162 aquo
516 1087 669 1161 acciperet
682 1086 846 1159 beneficia,
868 1102 936 1146 cum
950 1086 1082 1146 reddere
1096 1086 1140 1146 illi
1156 1086 1234 1163 paria

265 1188 324 1232 non
342 1180 457 1246 posset.
481 1170 610 1230 Primum
622 1170 651 1229 in
668 1170 765 1245 ipsius
778 1176 927 1245 potestate
939 1178 1003 1230 erat
1014 1186 1075 1230 non
1088 1171 1233 1247 accipere

265 1256 375 1318 deinde
397 1257 463 1330 ipse
482 1255 556 1315 dare
581 1254 761 1315 beneficium
787 1256 871 1329 prior
891 1254 1065 1329 incipiebat
1099 1257 1236 1318 veniebat

266 1342 345 1401 enim
372 1349 496 1415 rogatus
513 1347 542 1399 et
558 1338 589 1398 id
607 1338 712 1411 dabat,
735 1339 820 1413 quod
840 1339 944 1413 utique
959 1339 1010 1397 ille
1024 1354 1085 1397 non
1102 1348 1171 1400 erat
1186 1339 1234 1400 So·

233 1427 338 1498 iterati
353 1426 535 1485 redditurus.
567 1423 747 1483 Etiamnunc
768 1423 938 1481 Archelaus
954 1422 1080 1481 daturus
1101 1431 1170 1483 erat
1188 1440 1234 1483 au-

265 1529 330 1571 rum
343 1517 372 1569 et
384 1517 555 1583 argentum,
569 1513 749 1580 recepturus
765 1513 969 1579 contemptum
984 1506 1048 1564 auri
1064 1514 1095 1566 ct
1109 1507 1236 1580 argentia
1251 1513 1253 1517 '

265 1612 326 1654 non
350 1601 467 1667 poterat
487 1592 601 1650 referre
616 1590 768 1649 Archelao
784 1589 927 1649 Socrates
947 1589 1095 1663 gratiam?
1118 1590 1234 1663 etquid

266 1686 379 1738 tantum
402 1683 466 1734 erat
486 1682 685 1747 accepturuS,
708 1681 852 1746 quantum
874 1672 981 1746 dabat,
1003 1671 1030 1731 si
1053 1673 1237 1734 ostendisset

265 1760 417 1821 hominem
433 1759 511 1817 vitae
526 1773 562 1815 ac
577 1757 681 1815 mortis
703 1757 846 1830 peritum,
866 1756 1026 1828 utriusque
1042 1756 1123 1815 fines
1140 1765 1235 1817 tenen

266 1850 346 1904 temt
367 1842 393 1901 si
409 1857 511 1915 regem
527 1843 556 1899 in
571 1841 639 1900 luce
653 1840 753 1899 media
769 1848 919 1899 errantem
933 1841 972 1898 ad
988 1854 1089 1899 rerum
1104 1850 1235 1902 naturam

265 1926 455 1998 admisisset,
473 1939 573 1997 usque
595 1939 632 1983 eo
653 1924 718 1983 eius
733 1925 888 1997 ignarum,
909 1929 942 1982 ut
957 1938 1018 1996 quo
1034 1923 1084 1983 die
1096 1925 1175 1984 solis
1189 1925 1236 1984 de

265 2011 354 2071 lectio
371 2011 439 2081 luit,
459 2009 571 2082 regiam
588 2008 724 2067 eluderet
736 2016 766 2067 et
778 2008 884 2080 hlium,
902 2007 984 2081 quod
1000 2007 1030 2066 in
1044 2009 1130 2068 luctu
1144 2023 1180 2069 ac
1194 2023 1235 2068 re·

234 2105 253 2158 4
268 2096 325 2155 bus
341 2092 480 2154 adversis
496 2092 589 2151 moris
606 2097 668 2164 est,
689 2093 850 2151 tonderet?
889 2090 1038 2163 Quantum
1061 2091 1173 2153 luisset
1187 2092 1235 2150 be

266 2178 422 2250 nehcium,
444 2177 469 2236 si
491 2177 645 2235 timentem
667 2189 685 2232 c
710 2174 833 2234 latebris
855 2173 920 2233 suis
941 2176 1129 2235 extraxisset
1143 2182 1173 2235 et
1186 2175 1235 2234 be

265 2279 336 2321 num
352 2261 482 2318 animum
499 2259 610 2318 habere
625 2258 769 2318 iussisset
780 2257 902 2318 dicens:
927 2257 1013 2330 „Non
1028 2266 1077 2318 est
1090 2257 1150 2318 ista
1164 2258 1235 2318 solis

266 2344 412 2416 delectio,
435 2342 491 2402 sed
513 2342 642 2400 duorum
663 2341 798 2401 siderum
814 2342 927 2414 coitus,
949 2356 1017 2400 cum
1034 2342 1107 2400 luna
1122 2339 1236 2401 humili-

267 2443 320 2488 ore
335 2441 461 2485 currens
476 2424 526 2483 via
541 2424 619 2484 inira
634 2424 734 2499 ipsum
750 2427 847 2485 solem
863 2425 967 2484 orbem
982 2441 1071 2484 suum
1087 2425 1192 2499 posuit
1209 2430 1238 2482 et

266 2512 348 2570 illum
369 2508 489 2569 obiectu
503 2509 551 2567 sui
566 2509 736 2569 abscondit.
771 2526 851 2583 quae
865 2509 958 2568 modo
973 2516 1076 2583 partes
1093 2509 1162 2568 eius
1176 2507 1236 2567 exi·

266 2611 357 2670 guaS,
379 2591 405 2652 si
421 2593 449 2651 in
465 2601 644 2653 transcursu
659 2592 794 2665 strinxit,
810 2593 948 2666 obducit,
964 2592 1055 2652 modo
1070 2594 1142 2666 plus
1158 2591 1235 2665 tegit,

266 2677 293 2738 si
314 2677 458 2737 maiorem
478 2684 592 2751 partem
615 2677 661 2736 sui
678 2676 803 2748 obiecit,
825 2676 917 2735 modo
933 2675 1066 2735 excludit
1079 2676 1173 2736 totius
1187 2674 1236 2733 ad-

266 2769 419 2837 spectum,
436 2760 462 2819 si
477 2768 560 2821 recto
575 2760 752 2819 libramento
767 2759 844 2818 inter
859 2761 955 2819 solem
969 2767 1130 2833 terrasque
1140 2757 1237 2818 media

234 2856 251 2906 5
267 2844 427 2903 successit
461 2842 524 2901 Sed
544 2844 601 2901 iam
618 2843 676 2901 ista
690 2843 792 2901 sidera
807 2844 866 2902 huc
881 2850 910 2902 et
924 2843 974 2901 illo
989 2843 1114 2901 diducet
1129 2841 1237 2901 veloci·

266 2934 314 2986 tas
336 2942 402 2985 sua.
436 2925 494 2983 iam
515 2925 663 3000 recipient
682 2926 762 2985 diem
783 2935 881 2987 terrae
904 2933 934 2984 et
953 2926 1003 2987 hic
1023 2926 1078 2985 ibit
1092 2926 1170 2985 ordo
1187 2939 1239 2999 per

267 3011 371 3069 secula
386 3008 616 3083 dispositosque
630 3025 667 3068 ao
682 3009 857 3083 praedictos
868 3010 935 3069 dies
948 3008 1052 3082 habet,
1068 3008 1238 3083 quibussol

266 3093 436 3152 intercursu
452 3093 542 3152 lunae
558 3101 674 3153 vetetur
685 3110 793 3154 omnes
808 3094 911 3153 radios
926 3092 1093 3152 effundere.
1115 3092 1238 3151 Paulum

266 3183 428 3251 exspecta:
445 3175 504 3234 iam
520 3185 667 3250 emerget,
682 3178 741 3235 iam
756 3178 844 3236 istam
860 3178 942 3236 velut
956 3175 1066 3235 nubem
1080 3176 1238 3249 relinquet,

266 3258 325 3318 iarn
346 3260 507 3319 exsolutus
530 3258 745 3335 inpedimentis
768 3263 865 3319 lucem
888 3277 974 3320 suam
999 3260 1093 3318 libere
1117 3259 1239 3319 mittet“

234 3348 252 3402 6
267 3343 410 3403 Socrates
434 3360 543 3416 parem.
552 3342 678 3419 gratiam
694 3344 846 3403 Archelao
860 3345 975 3403 reterre
989 3359 1050 3401 non
1066 3349 1188 3417 posset,
1214 3339 1239 3399 si

266 3427 348 3486 illurn
369 3441 497 3498 regnare
519 3430 686 3486 vetuisset?
707 3443 814 3501 parum
835 3426 951 3486 scilicet
970 3441 1112 3500 magnum
1127 3424 1234 3484 bench·

267 3512 345 3571 cium
365 3526 384 3569 a
403 3509 530 3568 Socrate
550 3509 735 3583 accipiebat,
761 3510 786 3569 si
808 3512 900 3570 ullum
921 3510 995 3569 dare
1017 3510 1169 3582 potuisset
1185 3507 1238 3567 So-

266 3594 351 3653 crati.
384 3593 483 3666 Quare
508 3608 581 3667 ergo
606 3592 665 3654 hoc
691 3592 835 3656 Socrates
860 3594 956 3653 dixit?
987 3593 1043 3651 Vir
1069 3594 1185 3652 facetus
1211 3597 1240 3650 et

267 3677 355 3738 cuius
375 3692 431 3752 per
445 3678 560 3751 liparas
574 3692 676 3737 sermo
692 3676 862 3752 procedere
885 3676 993 3737 solitus
1015 3684 1096 3751 crat,
1120 3676 1239 3736 derisor
