2942 4384
266 484 308 548 32
556 481 589 541 L.
609 480 755 541 ANNAEI
775 479 964 540 SENECAE

238 634 412 699 astetimus.
451 631 567 704 Quanto
584 630 679 689 satius
694 637 742 689 est
756 629 795 688 ad
813 628 1101 702 contemplationem
1117 637 1162 691 tot
1175 638 1232 690 tan-
1275 631 1276 688 l

266 727 428 790 torumque
442 714 659 773 beneficiorum
674 713 784 773 reverti
797 721 826 772 et
836 728 928 786 agere
939 712 1068 786 gratias,
1084 715 1170 787 quod
1182 730 1233 779 nos
1275 711 1276 724 ¹

267 802 296 860 in
319 801 378 857 hoc
394 798 594 873 pulcherrimo
605 796 765 855 ¹domicilio
781 797 941 855 voluerunt
956 796 1111 855 secundas
1127 796 1233 871 sortiri,
1275 799 1276 804 ’

268 883 352 958 quod
367 879 493 941 terrenis
509 882 742 954 praefecerunt?
762 878 872 952 aliquis
888 894 925 936 ea
940 879 1081 938 animalia
1092 887 1236 955 conparat

267 966 372 1037 nobiS,
391 980 520 1036 quorum
542 969 677 1037 potestas
692 978 788 1041 penes
804 978 862 1020 nos
877 968 944 1021 estt
981 962 1134 1037 Quicquid
1150 964 1235 1024 nobis

239 1057 409 1123 anegatum
421 1054 469 1106 est
480 1046 545 1104 dari
557 1063 617 1105 non
630 1046 736 1119 potuit.
769 1044 899 1103 Proinde
914 1045 1054 1119 quisquis
1067 1060 1102 1104 es
1115 1045 1235 1121 iniquus

267 1132 443 1192 aestimator
464 1130 554 1190 sortis
569 1130 733 1201 humanae,
756 1128 869 1201 cogita,
893 1135 1006 1201 quanta
1019 1127 1110 1196 nobis
1126 1128 1235 1190 tribue

267 1216 304 1275 rit
327 1230 436 1288 parens
452 1218 569 1286 noster,
591 1218 703 1285 quanto
725 1211 892 1271 valentiora
906 1211 1047 1270 animalia
1061 1211 1121 1271 sub
1135 1213 1235 1287 iugum

267 1298 454 1370 miserimus,
478 1304 589 1371 quanto
608 1295 764 1355 velociora
783 1310 1023 1369 consequamur,
1051 1311 1145 1369 quam
1166 1294 1236 1356 nihil

240 1382 306 1452 5sit
320 1382 444 1440 mortale
460 1395 520 1438 non
537 1378 593 1438 sub
610 1379 670 1438 ictu
685 1384 790 1437 nostro
803 1379 951 1452 positum,
980 1379 1036 1437 Tot
1047 1378 1177 1439 virtutes
1188 1394 1235 1439 ac·
1275 1453 1276 1462 ἵ

267 1465 419 1538 copimuS,
443 1469 487 1523 tot
507 1470 603 1534 artes,
627 1462 759 1521 animum
781 1461 928 1535 denique,
950 1460 999 1520 cui
1019 1460 1093 1520 nihil
1108 1465 1170 1522 non
1186 1478 1234 1524 ec

267 1548 350 1619 dem,
383 1562 443 1621 quo
469 1545 611 1618 intendit,
644 1553 795 1603 momento
822 1545 959 1618 pervium
984 1551 1050 1618 est,
1082 1545 1235 1605 sideribus

266 1628 465 1702 velociorem,
496 1644 624 1701 quorum
646 1634 717 1701 post
737 1628 831 1686 multa
851 1628 956 1687 secula
981 1628 1100 1687 futuros
1127 1643 1234 1690 cursus

267 1712 425 1771 antecedit.
448 1718 562 1770 tantum
577 1711 688 1770 deinde
704 1712 839 1784 hugum,
862 1717 976 1769 tantum
990 1727 1099 1784 opum,
1121 1710 1234 1772 tantum

265 1810 367 1854 rerum
387 1795 512 1854 aliarum
534 1810 627 1868 super
648 1793 722 1853 alias
738 1802 955 1853 acervatarum.
984 1795 1153 1853 circumeas
1168 1796 1235 1855 licet

266 1885 374 1937 cuncta
391 1886 434 1951 et,
457 1878 529 1950 quia
543 1878 616 1937 nihil
630 1885 725 1938 totum
740 1876 877 1936 invenies
891 1878 975 1950 quod
988 1893 1059 1936 esse
1073 1884 1104 1936 te
1118 1878 1233 1951 malles,

266 1978 305 2021 ex
321 1961 460 2020 omnibus
480 1962 599 2035 singula
613 1977 772 2034 excerpas
790 1974 868 2035 quae
881 1960 934 2019 tibi
950 1960 1015 2019 dari
1028 1961 1138 2020 velles=
1157 1960 1233 2021 benc

262 2046 422 2105 'aestimata
443 2053 568 2105 naturae
588 2045 775 2118 indulgentia
795 2043 968 2104 confitearis
989 2059 1119 2103 neeesse
1140 2051 1189 2103 est
1204 2043 1233 2103 in

237 2128 381 2191 bdeliciis
402 2135 431 2187 te
452 2128 493 2187 illi
516 2129 620 2187 inisse.
657 2128 700 2187 lta
715 2133 776 2185 est:
800 2126 975 2186 carissimos
991 2143 1048 2187 nos
1064 2126 1234 2187 habuerunt

265 2210 296 2270 di
315 2210 491 2270 inmortales
513 2210 701 2283 habentque,
729 2216 758 2268 et
779 2210 830 2283 qui
851 2211 1001 2270 maximus
1022 2209 1113 2270 tribui
1133 2210 1232 2271 honos

264 2294 375 2368 potuit,
404 2293 442 2351 ab
463 2292 539 2367 ipsis
561 2294 718 2367 proximos
741 2295 995 2374 conlocaverunt:
1017 2309 1129 2367 magna
1145 2309 1232 2354 acee-

263 2375 378 2450 pimuS,
398 2376 513 2438 maiora
527 2393 588 2436 non
606 2376 753 2451 cepimus.
959 2450 961 2461 Ι

236 2471 250 2521 1
325 2459 415 2517 ΧΧΧ.
437 2460 535 2532 Haec,
553 2458 593 2518 mi
605 2460 768 2531 Liberalis,
786 2460 961 2518 necessaria
973 2458 1104 2534 credidi,
1119 2467 1150 2520 et
1162 2461 1233 2535 quia

262 2541 449 2617 loquendum
475 2542 591 2617 aliquid
613 2542 652 2601 de
674 2542 791 2615 magnis
816 2543 972 2601 beneficiis
996 2551 1074 2617 erat,
1103 2559 1174 2603 cum
1194 2544 1233 2604 dc

262 2627 383 2686 minutis
406 2627 614 2700 loqueremur,
637 2634 667 2685 et
688 2626 761 2700 quia
780 2626 850 2684 inde
867 2633 968 2685 manat
981 2626 1071 2685 etiam
1085 2627 1115 2685 in
1131 2634 1233 2686 cetera

178 2781 185 2791 Ι
261 2709 351 2769 huius
374 2710 561 2769 detestabilis
588 2708 651 2769 vitii
676 2710 815 2769 audacia.
851 2710 904 2769 Cui
931 2709 1010 2767 enim
1033 2709 1233 2784 respondebit

262 2799 361 2865 grate,
384 2793 467 2865 quod
487 2808 598 2852 munus
614 2793 796 2852 existimabit
810 2799 863 2852 aul
877 2808 1019 2867 magnum
1035 2802 1087 2853 aut
1100 2792 1231 2854 redden-

262 2875 342 2945 dum,
361 2875 412 2948 qui
427 2890 546 2934 summa
560 2874 709 2934 benelicia
725 2876 862 2948 spernit?
883 2877 931 2936 cui
944 2878 1086 2948 salutem,
1106 2877 1155 2936 cui
1171 2876 1231 2951 spi·

260 2956 349 3016 ritum
372 2958 502 3029 debebit,
520 2956 572 3032 qui
587 2957 675 3017 vitam
693 2960 852 3033 accepisse
868 2976 902 3019 se
919 2976 937 3019 a
952 2958 1000 3019 dis
1016 2966 1122 3033 negat,
1139 2975 1231 3034 quam

233 3040 373 3100 aeolidie
388 3040 426 3098 ab
443 3040 500 3100 illis
516 3042 611 3115 petit?
647 3040 835 3117 Quicumque
847 3058 920 3117 ergo
932 3049 1035 3116 gratos
1048 3058 1120 3102 esse
1132 3044 1231 3116 docet,

262 3132 292 3183 et
311 3123 467 3182 hominum
488 3140 612 3183 causam
633 3125 694 3198 agit
715 3131 744 3183 et
764 3127 905 3196 deorum,
929 3126 1041 3200 quibus
1061 3125 1173 3206 nuliius
1188 3126 1232 3186 rei

261 3206 481 3282 indigentibnS,
512 3208 620 3282 positis
646 3217 730 3269 extra
755 3208 954 3279 desiderium,
982 3210 1098 3268 reterre
1123 3209 1231 3270 nihilo·

260 3291 359 3350 minus
374 3290 498 3365 gratiam
516 3308 690 3366 possumus.
726 3292 806 3354 Non
825 3299 885 3351 est
904 3292 1006 3367 quod
1027 3290 1230 3366 quisquam

261 3374 555 3435 excusationem
577 3374 715 3435 mentis
738 3375 913 3449 ingratae
933 3374 977 3434 ab
1000 3374 1232 3435 infirmitate

259 3464 374 3531 atque
396 3456 530 3531 inopia
551 3465 658 3531 petat
679 3466 708 3518 et
728 3460 823 3518 dicat:
852 3459 944 3531 „quid
968 3459 1046 3517 enim
1069 3456 1180 3516 faciam
1201 3465 1231 3518 et

260 3542 437 3613 quomodo?
456 3541 579 3614 quando
593 3542 803 3615 superioribus
816 3540 1009 3615 dominisque
1020 3557 1121 3601 rerum
1135 3542 1230 3602 omni·

258 3638 309 3680 um
330 3626 454 3697 gratiam
474 3625 645 3683 reseramt“
679 3625 805 3685 Referre
827 3625 914 3683 lacile
931 3631 991 3685 est:
1013 3626 1040 3704 si
1055 3641 1169 3685 avarus
1184 3640 1228 3700 es,

259 3705 325 3765 sine
338 3706 493 3781 inpendio.
515 3708 541 3767 si
556 3707 652 3784 iners,
674 3708 741 3768 sine
757 3723 859 3784 opera.
895 3708 1009 3768 Eodem
1022 3707 1146 3783 quidem
1164 3724 1226 3770 mo-
