2942 4384
401 465 541 526 NATUR.
557 465 718 539 QUAEST.
741 465 813 530 LlB.
825 468 889 525 Vll.
915 475 1045 530 17-21.
1147 467 1210 529 309

237 610 369 679 sednon
386 618 496 692 quibus
512 616 646 677 siderum
661 634 770 687 nomen
787 618 933 691 inponaS‚
956 619 1027 692 quia
1038 619 1210 680 dilabuntur

237 719 295 761 nec
311 702 363 760 diu
377 702 486 760 durant
500 710 529 761 et
544 700 646 774 exigui
660 703 805 774 temporis
820 718 906 761 mora
921 701 1118 775 dissipantur.

297 827 360 886 XX.
382 828 418 885 In
439 827 509 884 hac
529 826 724 883 sententia
747 831 836 883 sunt
858 827 1036 900 plerique
1053 834 1235 887 nostro-1

235 926 315 969 rum
340 925 395 967 nec
416 909 447 966 id
462 915 566 982 putant
586 908 702 967 veritati
719 924 900 981 repugnare.
928 909 1068 967 videmus
1084 911 1163 968 enim
1179 912 1207 968 iu

238 993 358 1053 sublimi
380 992 464 1050 varia
483 990 596 1063 ignium
613 989 733 1064 concipi
747 1006 860 1064 genera
875 997 905 1049 et
918 992 1009 1051 modo
1026 995 1144 1055 coelum
1161 1010 1208 1051 ar—

237 1078 326 1147 dere,
348 1075 441 1134 modo
821 1099 825 1105 ·

319 1162 421 1231 leupus
436 1174 455 1215 u
472 1163 553 1230 erpo
564 1160 754 1231 flammarum
769 1158 916 1217 albescere
931 1165 1052 1232 tructus,

235 1242 328 1300 modo
351 1242 433 1298 laces
456 1255 524 1298 crim
538 1239 608 1313 igne
623 1247 711 1298 vasto
726 1240 803 1313 rapi.
832 1240 891 1298 iam
907 1242 974 1315 ipsa
990 1243 1128 1314 fulmina,
1152 1243 1210 1301 etsi

236 1324 398 1383 velocitate
423 1323 497 1380 mira
523 1323 666 1381 simulet
691 1324 917 1395 praestringunt
941 1325 1037 1382 aciem
1063 1332 1092 1383 et
1119 1326 1207 1384 reliu-

237 1414 348 1481 quum,
365 1407 451 1479 ignes
467 1414 537 1464 sunt
552 1407 630 1463 aeris
643 1405 702 1464 triti
714 1413 745 1464 et
755 1405 860 1479 inpetu
873 1406 950 1465 inter
961 1423 996 1465 se
1009 1407 1123 1466 maiore
1135 1424 1208 1467 con-

234 1491 293 1547 lisi.
315 1489 384 1547 ideo
401 1504 437 1545 ne
454 1489 599 1547 resistunt
611 1487 748 1562 quidem,
764 1490 818 1547 scd
833 1491 973 1562 expressi
986 1489 1083 1548 fluunt
1095 1499 1124 1550 et
1139 1508 1208 1564 pro·

234 1574 316 1631 tinus
339 1579 474 1644 pereunt.
509 1570 569 1630 Alii
591 1587 664 1629 vero
685 1572 772 1644 ignes
788 1572 839 1629 diu
854 1582 978 1633 manent
992 1589 1049 1633 nec
1064 1582 1133 1632 autc
1148 1574 1238 1633 dis-2

236 1656 349 1713 cedunt
370 1671 460 1728 quam
483 1662 696 1727 consumptum
717 1662 765 1714 est
785 1670 888 1729 omne,
912 1673 973 1729 quo
995 1657 1219 1729 pascebantur,-

235 1740 425 1796 alimentum=
453 1737 512 1795 hoc
533 1738 602 1796 loco
625 1744 695 1796 sunt
712 1738 763 1795 illa
777 1754 795 1795 a
808 1738 974 1799 Posidonio
991 1739 1105 1813 scripta
1120 1740 1207 1798 mira-

236 1823 320 1891 cula,
344 1822 502 1878 columnae
524 1819 675 1891 clipeique
695 1819 859 1891 flagrantes
875 1822 1015 1895 aliaeque
1029 1823 1138 1896 insigni
1155 1838 1209 1881 no·

235 1905 328 1961 vitute
350 1901 505 1973 llammae,
528 1918 606 1975 quae
625 1919 686 1961 non
701 1910 870 1961 everterent
884 1905 1017 1977 animos,
1039 1907 1065 1964 si
1083 1921 1121 1963 ex
1136 1921 1207 1965 con-

236 1986 398 2044 suetudine
419 1992 448 2042 et
468 1985 536 2057 lege
557 1985 767 2043 decurrerent:
794 1986 832 2043 ad
854 1986 930 2045 haec
950 1994 1073 2061 stupent
1092 2003 1207 2060 omnes,

237 2086 322 2142 quoe·
331 2068 519 2141 repentinum
534 2068 633 2140 iguem
649 2084 687 2125 ex
702 2070 762 2127 alto
779 2068 922 2142 efferunt,
940 2070 1006 2129 sive
1020 2070 1141 2129 emicuit
1155 2071 1208 2129 ali·

237 2151 311 2224 quid
333 2158 362 2209 et
383 2152 457 2224 lugit
479 2151 545 2208 sive
565 2166 735 2224 conpresso
758 2154 829 2209 aere
850 2158 879 2210 el
899 2154 929 2210 in
945 2154 1083 2212 ardorem
1101 2160 1207 2213 coacto

235 2235 305 2291 loco
327 2233 461 2291 miraculi
481 2234 570 2292 stetit.
612 2234 688 2306 Quid
710 2241 805 2306 ergo?
834 2251 894 2293 non
917 2235 1080 2309 aliquando
1101 2236 1237 2298 lacunu3

236 2317 409 2375 secedentis
432 2322 535 2387 [retro]
557 2316 689 2375 aetheris
711 2318 806 2390 patuit
825 2324 856 2375 et
876 2327 994 2377 vastum
1015 2318 1046 2375 in
1070 2334 1207 2378 concavo

235 2400 358 2459 lumen?
378 2400 549 2458 exclamare
563 2415 691 2473 posses:
715 2400 789 2473 quid
803 2408 851 2459 est
865 2400 945 2460 noct

609 2484 735 2540 medium
749 2484 833 2541 uideo
847 2485 1000 2545 discedere
1012 2486 1124 2543 eoelum

314 2568 512 2639 putantesque
523 2568 590 2637 polo
603 2567 717 2635 stelles.

236 2663 316 2722 quae
339 2648 502 2721 aliquando
524 2663 584 2705 non
610 2655 788 2719 exspectata
810 2654 899 2706 nocte
926 2649 1076 2707 fulserunt
1100 2655 1129 2706 ct
1153 2664 1207 2722 per

235 2731 366 2789 medium
380 2737 545 2803 eruperunt
555 2729 643 2787 diem.
661 2730 715 2787 sed
728 2732 788 2788 alia
799 2730 887 2788 huius
899 2730 944 2789 rci
955 2732 1030 2789 ratio
1043 2739 1099 2801 est,
1113 2748 1208 2803 quare

234 2814 333 2871 alieno
355 2820 493 2887 tempore
514 2812 661 2884 adparent
681 2812 710 2868 in
728 2816 813 2885 aere,
837 2830 913 2886 quas
929 2829 1014 2885 esse,
1035 2813 1124 2872 etiam
1139 2829 1207 2871 curn

235 2898 342 2965 latent,
365 2903 493 2955 constat.
526 2895 638 2954 lllultos
655 2904 789 2954 cometas
803 2913 864 2955 non
880 2896 1034 2969 videmus
1055 2897 1139 2969 quod
1154 2898 1236 2958 ott-4

235 2986 396 3037 scurantur
417 2979 509 3037 radiis
530 2978 615 3040 solis.
645 2994 705 3051 quo
722 2979 882 3039 deficiente
899 2981 1052 3053 quondam
1069 2989 1207 3039 cometen

236 3060 434 3132 adparuisse,
456 3078 546 3134 quem
561 3062 608 3119 sol
624 3062 741 3121 vicinus
757 3070 888 3134 texerat,
909 3061 1092 3135 Posidonius
1107 3063 1206 3122 tradit.

236 3143 338 3215 Saepe
359 3151 458 3202 autem
480 3159 546 3202 cum
568 3144 679 3203 occidit
701 3147 763 3215 sol,
793 3145 892 3216 sparsi
912 3146 998 3216 ignes
1019 3161 1080 3203 non
1101 3148 1207 3218 procul

234 3226 273 3283 ab
296 3242 333 3284 eo
356 3227 504 3284 videntur.
531 3226 674 3284 videlicet
691 3226 761 3298 ipsa
779 3228 867 3284 stella
887 3228 952 3284 sole
974 3227 1163 3299 perfunditur
1177 3236 1208 3285 et

234 3308 305 3367 ideo
326 3309 445 3383 adspici
464 3326 525 3369 non
546 3316 662 3383 potest:
691 3314 852 3380 com[et]ae
879 3315 978 3367 autem
1000 3309 1104 3369 radios
1131 3311 1205 3370 solis

235 3390 392 3463 effugiunt.

295 3514 372 3572 XXl.
402 3514 503 3573 Placet
524 3531 597 3589 ergo
618 3514 731 3575 nostris
754 3522 888 3575 cometas
910 3514 989 3575 sicut
1006 3514 1106 3586 laces,
1128 3514 1233 3574 sicutl

233 3598 322 3657 tubas
341 3597 505 3671 trabesque
526 3607 556 3658 et
577 3599 636 3657 alia
656 3606 776 3658 ostenta
798 3600 874 3659 coeli
895 3600 992 3658 denso
1014 3601 1084 3657 aere
1099 3600 1204 3656 creari.

233 3681 307 3741 Ideo
330 3681 410 3739 circa
430 3683 676 3755 septemtrionem
693 3682 938 3757 frequentissimo
952 3683 1113 3757 adparent,
1135 3682 1206 3756 quia
