2942 4384
263 445 304 511 72
553 444 587 504 L.
603 444 749 504 ANNAEI
772 443 948 504 SENECAE

264 598 317 669 da,
345 596 490 671 sepositis
512 610 637 670 quoque
657 592 716 651 illis
745 608 782 652 ac
805 594 929 653 remotis
955 593 1067 667 placet.
1109 591 1234 656 Prodest

235 687 382 755 agrotum
403 696 489 739 esser
520 695 572 737 ero
595 685 693 736 tamen
714 684 833 749 gratus,
855 676 974 736 etiamsi
990 684 1091 737 nocet.
1129 680 1234 739 Gratus

264 770 349 837 [εειι]
374 764 447 837 quid
469 762 625 835 sequitur?
653 767 684 819 ut
704 759 781 819 haec
801 775 852 817 res
873 759 915 818 illi
930 761 1007 819 alios
1023 762 1159 837 amicos,
1181 761 1235 821 alia

263 846 413 905 beneficia
429 844 590 905 conciliet?
619 842 692 916 qarid
707 858 796 915 ergo,
819 843 846 901 si
862 842 930 916 quis
943 842 1001 901 sibi
1013 843 1155 906 offensas
1166 861 1234 904 con·
1272 873 1276 888 ·

264 930 410 989 citaturus
432 934 500 987 estt
531 927 557 984 si
578 927 647 1001 quis
668 925 827 999 intellegit,
854 926 932 984 adeo
955 942 1012 999 per
1031 926 1093 985 hoc
1115 943 1153 987 se
1167 927 1235 987 nihil

265 1019 514 1082 consecuturum,
541 1016 575 1068 ut
595 1010 688 1067 multa
709 1008 799 1067 etiam
821 1024 858 1066 ex
872 1010 1009 1083 reposito
1024 1011 1235 1086 acquisitoque

236 1095 423 1170 operdenda
438 1094 517 1153 sint‘l
546 1108 606 1151 non
623 1092 720 1149 libens
737 1092 766 1149 in
782 1092 960 1151 detrimenta
974 1093 1159 1153 descendit?
1191 1095 1235 1153 In·

265 1185 369 1251 gratus
386 1184 441 1249 est,
459 1178 509 1251 qui
525 1176 553 1233 in
566 1174 726 1233 reserenda
738 1175 834 1247 gratia
846 1176 1014 1235 secundum
1029 1176 1135 1236 datum
1148 1177 1235 1250 videt,

267 1260 319 1335 qui
334 1268 439 1335 sperat
451 1276 518 1319 cum
530 1258 639 1318 reddit.
663 1257 812 1330 ingratum
825 1273 916 1329 voco,
939 1259 1095 1332 quiaegro
1107 1261 1236 1334 adsedit,

267 1345 339 1418 quia
358 1349 568 1404 testamentum
590 1343 724 1399 tacturus
745 1346 807 1411 εει,
830 1342 877 1399 cui
893 1342 932 1400 de
946 1341 1114 1401 hereditate
1131 1355 1183 1403 aut
1200 1344 1236 1403 do

265 1429 365 1501 legato
384 1432 472 1486 vacat
486 1427 629 1498 cogitare.
658 1424 748 1482 faciat
762 1424 833 1482 licet
847 1426 957 1497 omnia,
973 1439 1051 1501 quae
1066 1427 1171 1487 lacere
1185 1427 1236 1487 bo

266 1528 324 1570 nus
346 1511 460 1569 amicus
482 1515 511 1567 et
525 1522 642 1566 memor
656 1506 748 1565 olficii
764 1506 868 1580 debet,
890 1508 915 1566 si
931 1509 1113 1568 animosius
1130 1510 1237 1569 obver-

266 1602 350 1654 satur
366 1608 455 1667 spes,
482 1591 508 1651 si
522 1590 597 1648 lucri
617 1596 756 1662 captator
770 1587 818 1648 est
831 1597 861 1649 et
874 1590 994 1650 hamum
1007 1590 1093 1651 iacil=
1115 1598 1151 1651 ut
1166 1607 1237 1652 aves

267 1693 346 1751 quae
362 1675 544 1734 laceratione
559 1687 721 1746 corporum
736 1675 872 1745 aluntur,
893 1673 975 1733 lassa
994 1675 1102 1735 morbo
1125 1691 1239 1750 pecora

266 1767 296 1818 et
310 1775 420 1818 casura
435 1773 452 1815 ε
467 1757 606 1831 proximo
622 1758 833 1831 speculantur,
853 1757 894 1815 ita
908 1757 957 1816 hio
971 1758 1096 1818 inminet
1107 1760 1197 1819 morti
1210 1766 1238 1819 ει

267 1843 349 1901 circa
364 1842 495 1901 cadaver
509 1842 600 1898 volat.
1144 1907 1147 1911 .

146 1975 158 1998 ,
238 1935 253 1988 1
329 1925 406 1984 XXl.
431 1925 539 1983 Gratus
555 1922 674 1982 animus
688 1924 757 1997 ipsa
767 1923 876 1983 virtute
889 1924 1097 1998 propositi-sui
1110 1924 1236 1999 capitur.

266 2009 323 2069 Vis
345 2008 424 2069 scire
444 2008 503 2067 hoc
520 2008 560 2066 ita
578 2022 649 2065 esse
665 2023 722 2066 nec
737 2007 819 2065 illum
838 2007 962 2067 utilitate
978 2009 1154 2081 corrumpi?
1179 2009 1236 2068 duo

266 2099 465 2167 generosum
481 2090 555 2164 grati
571 2090 716 2150 huminis:
732 2089 841 2149 dicitur
855 2097 969 2164 gratus
985 2093 1035 2165 qui
1051 2092 1168 2165 aliquid
1183 2106 1237 2165 pro

267 2192 314 2249 eo,
325 2176 409 2251 quod
420 2180 590 2249 acceperat,
603 2174 710 2231 reddit.
726 2174 775 2231 hic
784 2176 915 2233 fortasse
923 2181 1076 2233 ostentare
1084 2189 1119 2233 se
1128 2180 1237 2249 potest.

238 2258 355 2318 ahabet
367 2258 450 2332 quod
462 2258 566 2327 iactet,
581 2256 664 2329 quod
676 2259 818 2330 proterat.
840 2256 955 2317 Dicitur
965 2264 1079 2331 gratus
1093 2257 1147 2331 qui
1158 2257 1237 2318 bono

267 2343 368 2400 animo
390 2340 508 2413 accepit
528 2340 723 2410 beneficium,
745 2341 827 2399 bono
843 2341 942 2400 debet.
965 2340 1014 2399 hic
1028 2342 1107 2399 intra
1121 2341 1236 2399 consci-

268 2424 378 2483 entiam
400 2426 504 2482 clusus
520 2430 575 2482 est.
612 2439 692 2496 quae
706 2422 747 2482 illi
764 2424 940 2496 contingere
958 2430 1058 2498 potest
1072 2423 1187 2483 utililas
1202 2439 1237 2482 ex

268 2508 391 2566 adiectu
411 2506 534 2566 latenti?
567 2512 659 2578 atque
679 2506 743 2572 hio,
767 2507 885 2565 etiamsi
900 2509 978 2566 ultra
998 2507 1100 2564 lacere
1116 2505 1159 2565 nil
1174 2513 1236 2580 pot·

268 2599 332 2664 est,
363 2598 465 2664 gratus
483 2595 549 2647 est=
583 2595 682 2661 amat,
714 2587 824 2662 debet,
856 2591 971 2648 reterre
992 2590 1119 2663 gratiam
1147 2590 1235 2665 cupit

239 2673 413 2750 equiequid
426 2675 504 2733 ultra
516 2673 684 2744 desideras,
696 2688 756 2730 non
769 2673 828 2747 ipsi
844 2673 940 2731 deest.
960 2673 1078 2732 Artilex
1091 2679 1140 2731 est
1151 2674 1236 2732 etiarn

270 2759 318 2818 oui
330 2759 370 2817 ad
381 2756 584 2816 exercendam
596 2762 690 2814 artem
702 2755 901 2815 instrumenta
913 2772 974 2815 non
987 2762 1165 2828 suppetunt.
1185 2771 1237 2816 nec

269 2842 369 2899 minus
396 2838 524 2898 canendi
546 2836 677 2911 peritus,
706 2840 794 2896 cuius
816 2854 924 2897 vocem
944 2839 1083 2897 exaudiri
1103 2840 1237 2898 fremitus

270 2921 510 2994 obstrepentium
525 2937 584 2979 non
601 2920 680 2977 sinit.
715 2920 796 2981 Volo
810 2921 1078 2995 referregratiam=
1100 2923 1238 2995 posthoc

234 3071 237 3076 ,
270 3005 386 3079 aliquid
400 3010 542 3077 superest
556 3002 642 3072 milri,
665 3018 726 3061 non
742 3011 774 3062 ul
788 3012 908 3079 gratus,
932 3005 989 3065 scd
1000 3012 1032 3063 ut
1042 3006 1162 3064 solutus
1175 3006 1238 3065 sim.

269 3104 365 3163 saepe
376 3087 456 3146 enim
471 3095 500 3147 ει
516 3087 567 3161 qui
583 3084 708 3159 gratiam
722 3089 838 3159 retulit,
855 3089 990 3161 ingratus
1006 3094 1053 3146 est
1068 3096 1098 3148 et
1113 3090 1165 3163 qui
1181 3103 1239 3147 non

268 3172 377 3245 retulit,
391 3178 505 3245 gratus.
525 3187 595 3229 nam
608 3178 640 3229 ut
651 3171 784 3229 omnium
798 3169 922 3229 aliarum
934 3171 1086 3240 virtutum,
1099 3172 1141 3231 ita
1152 3171 1239 3230 huius

269 3257 308 3315 ad
330 3257 462 3315 animum
483 3262 546 3314 tota
567 3254 735 3314 aestimatio
757 3254 848 3313 redit:
878 3254 927 3313 hic
952 3255 978 3313 si
1003 3255 1033 3312 in
1057 3254 1160 3314 officio
1185 3260 1240 3325 est,

241 3340 414 3413 tqulcquid
436 3340 545 3411 deluit,
568 3340 690 3397 lortuna
711 3344 827 3411 peccat.
865 3336 1026 3409 Quomodo
1047 3346 1095 3397 est
1108 3337 1240 3396 disertus

270 3426 357 3482 etiam
381 3422 432 3495 qui
452 3428 546 3493 lacet,
573 3422 659 3479 tortis
675 3422 763 3479 etiam
780 3419 831 3494 qui
847 3422 1023 3493 conpressis
1038 3420 1179 3479 manibus
1194 3417 1242 3477 vel

270 3506 360 3564 etiarn
381 3503 537 3577 adligatis,
562 3505 717 3576 quomodo
733 3503 918 3577 gubernator
935 3504 1023 3561 etiam
1039 3505 1092 3578 qui
1109 3503 1140 3562 in
1159 3502 1240 3562 sicco

271 3593 332 3656 cst,
362 3589 434 3660 naria
456 3592 685 3646 consummatae
713 3587 860 3646 scientiae
889 3585 962 3643 nilril
988 3587 1091 3659 deest,
1125 3582 1242 3646 etiarnsi

272 3669 346 3743 quid
361 3671 470 3742 obstat,
487 3685 549 3742 quo
565 3668 664 3728 minus
677 3685 711 3728 εε
724 3677 838 3729 utatur=
854 3670 894 3727 ita
909 3677 1012 3742 gratus
1027 3677 1075 3730 est
1089 3669 1179 3729 eliam
1192 3666 1240 3743 qni
