2942 4384
371 488 511 549 NATUR.
527 486 689 561 QUAEST.
710 486 782 547 LlB.
795 486 832 547 11.
853 496 986 571 21-31,
1108 487 1169 552 197

194 636 291 711 enim,
312 644 425 711 quanto
442 637 595 697 vocaliora
607 637 667 697 sint
679 652 777 697 vacua
790 654 879 712 quam
893 640 996 713 plena,
1013 646 1043 699 et
1054 648 1168 720 quanto

168 788 173 797 ⁸
192 723 311 781 intenta
327 737 417 796 quarn
437 720 576 779 remissa.
602 722 672 780 item
688 730 835 798 tympana
850 729 880 781 et
894 722 1035 798 cymbala
1050 733 1168 796 sonant,

194 806 269 880 quia
284 805 334 863 illa
348 810 567 877 repugnantem
583 820 622 861 ex
633 805 777 864 ulteriore
791 812 876 879 parte
888 805 1025 878 spiritum
1037 808 1170 881 pulsant,

194 888 273 947 haec
287 894 318 946 et
332 888 400 962 ipsa
414 902 485 945 aere
500 903 560 947 non
577 887 635 946 uisi
651 903 727 948 cavo
745 888 882 947 tinniunt.

256 970 348 1030 XXX.
377 970 520 1044 Quidam,
547 970 626 1030 inter
648 988 726 1044 quos
749 972 988 1045 Asclepiodotus
1008 980 1069 1045 est,
1095 974 1197 1050 iudi—t

148 1071 152 1079 ·
195 1060 267 1113 cant
281 1054 326 1113 sic
338 1053 536 1127 quorumdam
551 1068 673 1127 quoque
687 1069 850 1127 corporum
862 1070 1016 1116 concursu
1028 1056 1169 1116 tonitrum

194 1145 226 1197 et
252 1136 377 1196 fulmina
401 1136 501 1195 excuti
527 1152 630 1210 posse.
669 1139 767 1197 Aetna
793 1138 958 1209 aliquando
983 1140 1075 1199 multo
1101 1140 1170 1213 igne

193 1220 375 1292 abundavit,
399 1219 551 1293 ingentem
572 1218 631 1278 vim
653 1235 763 1279 arenae
778 1220 894 1280 urentis
909 1221 1025 1282 effudit.
1052 1223 1170 1283 involu-

193 1311 245 1363 tus
268 1302 401 1362 est=dies
419 1304 546 1376 pulvere
560 1304 758 1377 populosque
773 1302 873 1362 subita
887 1319 950 1363 nox
965 1305 1079 1364 terruit.
1106 1307 1169 1365 lllo

193 1393 335 1459 tempore
357 1386 439 1444 aiunt
463 1393 535 1445 tunc
560 1386 689 1460 plurima
715 1386 811 1444 luisse
835 1387 966 1445 tonitrua
987 1396 1018 1447 et
1035 1388 1168 1459 fulmina,

195 1483 279 1544 quae
300 1483 452 1528 concursu
473 1468 625 1527 aridorum
648 1485 809 1542 corporum
831 1470 1015 1544 factasunt,
1036 1487 1095 1530 non
1114 1487 1170 1530 nu-

193 1552 296 1624 bium,
322 1568 399 1626 qnas
420 1549 583 1611 verisimile
603 1560 649 1611 est
668 1552 700 1610 in
718 1559 802 1611 tanto
824 1554 944 1612 fervore
964 1555 1044 1612 aeris
1069 1556 1168 1613 nullas

193 1636 303 1694 fuisse.
344 1634 519 1707 Aliquando
541 1635 709 1711 Cambyses
729 1636 770 1692 ad
791 1636 969 1695 Ammonem
985 1636 1066 1696 misit
1081 1653 1154 1695 exer
1179 1646 1196 1696 2

195 1719 305 1789 eitum,
334 1733 425 1791 quem
446 1733 539 1776 arena
561 1725 664 1777 austro
686 1725 768 1778 mota
787 1726 817 1777 ct
838 1735 921 1778 more
938 1720 1015 1779 nivis
1031 1720 1169 1779 incidens

193 1800 285 1873 texit,
314 1800 424 1859 deinde
446 1800 554 1860 obruit.
588 1808 658 1860 tunc
680 1817 805 1875 quoque
826 1804 990 1861 verisimile
1010 1811 1057 1862 est
1073 1806 1169 1863 luisse
1216 1836 1225 1854 ·

193 1884 359 1943 tonitruum
371 1883 558 1957 fulminaque
571 1884 679 1942 adtritu
691 1899 802 1942 arenae
814 1900 885 1943 sese
897 1886 1083 1945 adfricantis.
1102 1888 1168 1946 Non
1180 1892 1197 1944 3

193 1974 346 2040 repugnat
361 1968 519 2040 proposito
534 1973 640 2026 nostro
657 1966 714 2026 ista
726 1966 840 2040 opinio.
861 1966 993 2026 diximus
1005 1969 1083 2028 enim
1096 1969 1169 2027 utri-

194 2064 298 2123 usque
317 2056 445 2109 naturae
466 2061 597 2123 corpora
618 2049 723 2108 efflare
745 2058 841 2108 terras
863 2057 893 2108 et
913 2050 987 2109 sicci
1008 2051 1122 2125 aliquid
1141 2058 1170 2109 et

194 2133 312 2191 humidi
326 2134 355 2191 in
371 2140 434 2193 toto
451 2137 521 2191 aere
534 2134 649 2207 vagari.
677 2134 780 2207 itaque
796 2133 821 2192 si
838 2133 911 2205 quid
925 2137 984 2193 tale
999 2133 1168 2203 intervenit,

195 2216 307 2274 nubem
328 2217 399 2275 lecit
419 2216 593 2275 solidiorem
614 2222 644 2275 et
664 2216 864 2290 crassiorem,
893 2234 983 2291 quam
1008 2216 1035 2276 si
1056 2223 1169 2275 tantum

195 2299 326 2373 simplici
347 2301 455 2374 spirim
474 2306 635 2374 texeretur.
672 2300 725 2358 illa
741 2300 836 2373 frangi
851 2307 953 2374 potest
968 2307 998 2359 et
1012 2302 1103 2359 edere
1119 2302 1198 2360 so·4

195 2398 286 2441 num:
314 2382 371 2441 ista
392 2398 470 2457 quae
492 2383 569 2454 dixi,
598 2384 664 2441 sive
683 2384 833 2442 incendiis
856 2385 1083 2458 vaporantibus>
1099 2387 1170 2442 aera

194 2466 392 2540 repleverunt
408 2466 473 2523 sive
489 2466 587 2525 ventis
602 2472 698 2525 terras
712 2468 885 2540 urentibuS,
908 2483 1037 2526 necesse
1053 2474 1101 2527 est
1114 2483 1168 2525 nu·

193 2549 264 2607 bem
286 2548 398 2607 faciant
418 2556 487 2608 ante
509 2566 598 2623 quam
617 2566 736 2608 sonum.
767 2550 877 2607 nubem
893 2557 993 2609 autem
1009 2558 1067 2608 tam
1085 2549 1170 2607 arida

195 2648 286 2705 quam
308 2631 433 2691 humida
454 2640 628 2693 conserunt.
663 2639 710 2692 est
731 2633 825 2705 enim,
849 2639 881 2692 ut
901 2634 1048 2705 diximuS,
1070 2632 1168 2691 nubes

195 2714 366 2789 spissitudo
381 2715 460 2774 aeris
477 2717 582 2774 crassi.
945 2723 955 2730 “·

257 2798 362 2856 XXXI.
384 2797 523 2857 Ceterum
539 2800 612 2859 mira
627 2799 775 2872 fulminis,
798 2798 825 2857 si
838 2799 946 2858 intueri
962 2799 1052 2871 veliS,
1075 2804 1196 2871 operat

195 2888 267 2940 sunt
280 2895 339 2939 nec
354 2882 517 2955 quicquam
534 2882 616 2941 dubii
628 2884 844 2956 relinquentia,
861 2882 932 2956 quin
946 2883 1047 2942 divina
1059 2881 1098 2941 sit
1110 2881 1169 2941 illis

195 2979 231 3022 ae
246 2963 368 3024 subtilis
379 2966 529 3039 potentia=
551 2967 659 3026 loculis
672 2966 797 3039 integris
811 2972 859 3038 [ae
871 2967 1007 3037 inlaesis]
1020 2964 1170 3025 conflatur

195 3054 363 3120 argentum.
394 3055 533 3106 manente
552 3050 663 3122 vagina
681 3050 800 3123 gladius
817 3050 885 3122 ipse
902 3050 1051 3123 liquescit.
1081 3056 1111 3107 et
1125 3049 1169 3106 in-

194 3130 307 3189 violato
318 3130 399 3204 ligno
413 3131 494 3198 circa
505 3132 568 3205 pila
579 3132 689 3190 ferrum
703 3148 792 3192 omne
805 3131 937 3191 distillat.
961 3139 1020 3190 stat
1031 3138 1060 3189 et
1074 3132 1168 3189 fracto

196 3213 279 3272 dolio
300 3214 404 3272 vinnm
420 3229 476 3274 nec
493 3217 570 3274 ultra
583 3216 714 3274 triduum
731 3217 780 3274 ille
793 3213 878 3287 rigor
893 3217 990 3273 durat.
1026 3214 1101 3272 lllud
1119 3222 1197 3273 aea

195 3312 255 3370 que
282 3295 359 3355 inter
378 3298 552 3357 adnotanda
573 3315 673 3372 ponas
694 3300 778 3371 lieet,
808 3299 892 3371 quod
914 3304 944 3355 et
964 3296 1118 3355 hominum
1139 3304 1169 3355 et

195 3386 365 3439 ceterorum
386 3381 573 3453 animalium,
598 3397 677 3455 quae
698 3383 758 3440 icta
782 3387 865 3452 sunt,
888 3387 981 3455 caput
997 3389 1115 3457 spectat
1130 3381 1169 3439 ad

194 3463 310 3521 exitum
336 3458 487 3535 fulminis,
516 3465 759 3537 quodomnium
786 3480 1000 3538 percusserunt
1026 3464 1169 3522 arborum

194 3553 303 3605 contra
323 3546 446 3605 fulmina
467 3548 584 3607 astulae
609 3554 747 3619 surgunt.
787 3547 879 3619 Quid,
910 3547 994 3621 quod
1020 3548 1169 3604 malorum

193 3629 382 3704 serpentium
402 3637 433 3689 et
452 3630 580 3689 aliorum
599 3629 788 3700 animalium,
818 3630 929 3704 quibus
950 3627 1104 3688 mortifera
1120 3626 1168 3688 vis

191 3712 288 3786 inest,
318 3727 385 3773 cum
407 3713 530 3773 fulmine
550 3713 609 3773 icta
630 3721 715 3786 sunt,
737 3726 888 3772 venenum
910 3727 999 3771 omne
1015 3710 1168 3772 consumi·
