2942 4384
407 446 458 505 oa
478 426 691 507 andaricus
712 447 784 507 nia.
797 449 848 508 vt.
870 457 966 511 r-r.
1107 447 1168 514 109

201 601 293 660 tuis-et
307 607 420 658 certam
433 598 486 658 tibi
498 614 601 657 earum
614 605 704 673 atque
716 598 979 674 inexpugnabilem
993 604 1166 675 possessio-

202 699 261 741 nem
277 699 352 757 para
366 682 559 741 honestiores
575 684 642 763 illas
658 698 717 741 non
734 684 848 754 solum,
867 685 922 743 sed
934 684 1060 744 tutiores
1073 687 1165 745 iactu-

201 782 254 824 ms.
283 767 368 825 Istud
383 766 466 839 quod
479 765 628 838 suspicis,
645 782 706 839 quo
721 772 751 824 te
766 767 888 825 divitem
900 782 936 825 ac
949 775 1099 841 potentem
1114 776 1196 842 pu·4

201 855 251 921 tas,
268 849 415 921 quamdiu
428 848 588 922 possides,
603 848 660 908 sub
673 850 795 909 nomine
807 849 932 910 sordido
945 850 1036 909 iacet:
1057 851 1166 911 domus

202 938 246 1005 est,
258 947 370 990 servus
384 938 445 1003 cst,
464 932 576 990 nummi
589 940 668 991 sunt.
689 948 757 990 cura
769 933 898 1004 donasti,
914 933 1096 992 beneficium
1110 942 1166 993 est.

253 1015 306 1072 IV.
341 1013 494 1086 ,‚FatcriS,
516 1014 627 1088 inquit,
649 1031 707 1073 nos
728 1015 892 1088 aliqnando
910 1015 1091 1075 beneficium
1107 1025 1195 1077 noul

202 1095 304 1156 debere
320 1097 364 1169 ei,
384 1112 480 1170 aquo
495 1098 684 1171 accepimus:
705 1113 777 1171 ergo
794 1100 930 1172 ereptum
945 1105 1020 1157 est.“
1049 1099 1167 1160 Multa

202 1188 293 1252 sunt,
321 1187 485 1254 propter
513 1195 611 1254 quae
636 1180 868 1240 beneficium
896 1181 1037 1241 debere
1063 1183 1165 1242 desi·

202 1261 331 1333 nimus,
355 1264 533 1337 nunquia
554 1263 734 1336 ablatum,
758 1265 824 1322 scd
842 1265 1166 1339 qniacorruplum

202 1352 256 1403 est.
294 1344 417 1419 Aliquis
436 1362 522 1404 reum
542 1362 590 1404 me
612 1345 762 1418 defendit,
784 1346 840 1404 sed
857 1362 984 1405 uxorem
999 1363 1095 1406 ineam
1112 1364 1167 1421 per

201 1429 249 1486 vim
269 1437 377 1501 stupro
399 1428 536 1488 violavit:
560 1446 620 1488 non
640 1429 764 1488 abstulit
780 1428 975 1501 beneficium,
998 1430 1051 1488 sed
1069 1446 1166 1503 oppo-

202 1512 291 1569 nendo
306 1512 348 1569 ilii
364 1527 469 1585 parem
483 1512 621 1570 iniuriam
636 1512 726 1571 solvit
739 1527 786 1570 me
803 1512 918 1585 debito,
940 1520 969 1571 et
984 1512 1009 1571 si
1026 1513 1093 1586 plns
1106 1513 1167 1571 lae-

202 1593 231 1651 sit
245 1609 337 1666 quam
360 1601 429 1652 ante
449 1597 617 1668 prolueret,
640 1611 701 1653 non
715 1602 828 1653 tantum
844 1595 941 1668 gratia
955 1596 1165 1668 exstinguitur,

202 1677 246 1734 sed
266 1678 435 1736 ulciscendi
456 1679 666 1751 querendique
687 1677 811 1737 libertas
833 1678 879 1749 iit,
907 1678 958 1737 ubi
974 1679 1002 1736 in
1018 1694 1166 1752 conpara-

202 1757 270 1816 tione
292 1759 710 1834 beneficiipraepondcravit
732 1759 855 1819 iniuria:
884 1761 925 1820 ita
951 1778 1010 1821 non
1033 1763 1167 1821 aufertur

202 1839 389 1914 beneficium,
413 1845 469 1901 sed
483 1844 620 1903 vincitur.
656 1844 756 1917 Quid?
777 1861 838 1902 non
853 1851 912 1902 tam
926 1845 991 1903 duri
1004 1846 1125 1918 quidam
1139 1852 1195 1907 eta

201 1931 249 1983 tam
271 1925 413 1985 scelerati
431 1932 532 2000 patres
548 1932 633 1999 sunt,
656 1936 689 1985 ut
703 1928 773 1986 illos
788 1927 922 1984 aversari
941 1935 970 1986 et
985 1929 1103 1987 eiurare
1119 1929 1166 1986 ius

203 2007 298 2082 lasquc
314 2011 375 2068 sit‘l
395 2009 541 2082 nudiquid
557 2025 630 2083 ergo
646 2009 687 2067 illi
701 2010 892 2068 abstulerunt
907 2024 986 2082 quae
998 2010 1167 2068 dederant?

202 2091 326 2164 minime,
350 2092 407 2150 sed
427 2091 556 2166 inpietas
579 2091 770 2165 sequentium
788 2101 958 2165 temporum
974 2092 1165 2150 commenda-

202 2172 300 2232 tionem
318 2176 418 2234 omnis
434 2169 543 2249 prioris
559 2176 651 2234 oificii
668 2176 798 2234 sustulit.
833 2175 898 2233 Non
915 2173 1095 2233 beneficium
1110 2176 1165 2234 tol-

202 2255 266 2329 litur,
283 2260 340 2317 sed
355 2257 496 2316 beneficii
511 2259 620 2331 gratia,
637 2266 667 2316 et
681 2259 810 2317 eflicitur
824 2274 884 2317 non
898 2274 937 2317 ne
951 2258 1094 2328 habeam,
1110 2258 1166 2317 scd

203 2355 231 2398 ne
250 2342 389 2399 debeam.
424 2342 590 2414 Tamquam
612 2342 770 2414 pecuniam
794 2342 905 2416 aliquis
931 2341 1003 2399 milri
1029 2342 1165 2415 credidit,

202 2425 245 2481 sed
256 2424 381 2483 domum
393 2439 490 2482 meam
503 2423 645 2483 incendit.
661 2433 823 2498 pensatum
831 2425 1166 2485 estereditumdamuo:

201 2520 247 2564 nee
267 2507 391 2565 reddidi
413 2507 466 2578 iili,
491 2522 548 2565 nec
564 2514 663 2566 tamen
682 2508 792 2567 debeo.
824 2508 941 2568 Eodem
958 2508 1050 2567 modo
1066 2516 1096 2566 et
1109 2507 1195 2578 bias

202 2589 240 2661 qui
254 2589 372 2664 aliquid
387 2590 517 2663 benigne
532 2590 682 2649 adversus
697 2605 745 2647 me
761 2589 846 2660 iecit,
869 2591 981 2662 aliquid
995 2591 1165 2661 liberaliter,

201 2673 245 2731 scd
267 2681 379 2748 postea
395 2674 488 2732 muita
503 2673 652 2747 superbe,
674 2672 908 2742 contumeliose,
931 2671 1105 2743 crudeliter,
1129 2687 1166 2731 eo

200 2753 256 2815 loco
278 2772 328 2815 me
351 2757 467 2829 posuit,
488 2764 523 2816 nt
543 2756 672 2830 proinde
696 2755 773 2813 liber
795 2756 944 2813 adversus
966 2769 1034 2812 eum
1056 2769 1165 2826 essem,

199 2851 227 2896 ae
241 2840 267 2898 si
283 2839 356 2898 nihil
373 2839 574 2913 accepissem.
601 2839 660 2898 vim
676 2837 834 2897 beneficiis
849 2837 915 2898 suis
931 2837 1045 2897 adtulit.
1081 2837 1196 2898 Colo-4

199 2935 258 2980 num
281 2939 371 2982 suum
395 2939 455 2982 non
478 2929 560 2982 tenet
583 2923 722 2995 quatnvis
744 2922 861 2982 tabellis
885 2921 1091 2993 manentibus,
1115 2923 1166 2996 qui
1219 2977 1224 2994 ,

197 3013 323 3078 segetem
340 3005 407 3064 eius
425 3007 627 3079 proculcavit,
649 3005 702 3079 qui
717 3006 847 3065 succidit
859 3007 998 3075 arbusta,
1020 3023 1080 3065 non
1096 3005 1167 3080 quia

195 3089 305 3162 recepit
319 3090 403 3162 quod
420 3091 591 3163 pepigerat,
609 3088 664 3148 sed
677 3090 804 3162 quiana
818 3091 970 3162 reciperet
983 3087 1092 3147 effecit.
1116 3089 1167 3146 Sic

195 3169 318 3230 debitori
339 3188 397 3232 suo
419 3174 551 3231 creditor
573 3188 669 3244 saepe
689 3173 864 3244 damnatur,
886 3171 938 3229 ubi
960 3171 1029 3243 plus
1051 3170 1168 3227 exalia

194 3267 282 3313 causa
307 3255 432 3317 abstulit
452 3272 543 3329 quam
565 3271 603 3314 ex
626 3255 732 3314 crediti
753 3255 836 3328 petit.
872 3253 938 3311 Non
960 3259 1074 3311 tantum
1091 3251 1195 3317 intere

153 3340 155 3373 l
194 3339 373 3399 creditorem
387 3346 418 3397 et
431 3338 599 3398 debitorem
614 3338 708 3396 iudex
723 3337 811 3396 sedet
825 3335 877 3411 qui
889 3337 983 3394 dicat:
1006 3333 1165 3408 pecuniam

190 3421 355 3480 credidisti.
382 3422 455 3494 quid
470 3429 565 3496 ergo?
587 3437 682 3496 pecus
698 3418 841 3493 abegisti,
865 3435 987 3480 servum
1004 3419 1069 3477 cius
1086 3417 1164 3476 occi-

188 3504 269 3578 disti,
294 3512 451 3577 argentnm
469 3506 552 3579 qnod
567 3521 628 3564 non
643 3520 760 3563 emeras
780 3504 933 3578 possides.
958 3502 1165 3561 aestimatione

183 3586 263 3648 iacta
279 3589 401 3647 debitor
417 3587 543 3648 discede
554 3588 606 3663 qui
619 3587 751 3648 creditor
762 3604 907 3647 venerasr
930 3587 1006 3645 inter
1017 3584 1165 3644 beneficia

182 3687 311 3748 quoque
331 3679 363 3731 et
383 3669 510 3732 iniurias
523 3673 600 3734 ratio
616 3672 779 3733 eotriertur.
812 3672 937 3745 Saepe,
951 3670 1089 3746 inquam,
1113 3669 1192 3729 be-o·
