2942 4384
328 452 370 518 66
577 460 579 463 ’
601 453 636 515 L.
655 452 803 512 ANNAEI
827 452 1002 514 SENECAE
1083 479 1091 496 =

295 613 313 666 2
328 606 407 665 lerre
421 603 547 678 gratiam
563 603 677 678 possit,
695 619 735 662 ex
752 603 968 662 sententiares
983 608 1072 675 gesta
1087 604 1155 667 erit
1197 606 1231 668 Si
1246 608 1295 670 uti·

327 689 395 747 litas
416 703 464 745 me
485 693 515 745 et
537 687 664 745 sordida
685 685 862 760 conputatio
884 684 1041 745 liberalem
1063 686 1152 761 lacit,
1175 691 1204 751 si
1230 693 1295 752 nulli

327 786 469 846 prosum,
492 770 550 828 nisi
567 777 601 829 ut
619 768 748 827 invicem
769 769 819 827 ille
835 767 907 827 mihi
930 769 1043 842 prosit,
1065 786 1127 830 non
1149 772 1233 833 dabo
1249 774 1294 835 be

327 852 470 913 nelicium
491 851 698 925 proficiscenti
719 853 748 909 in
769 852 911 911 diversas
932 851 1181 929 longinquasque
1202 857 1295 931 regio

327 953 398 1005 nes,
422 935 561 1002 ablutura
580 950 711 1009 semper.
744 950 805 993 non
822 934 902 995 dabo
917 933 963 992 sic
977 934 1117 1008 adiecto,
1132 945 1166 998 ut
1184 940 1294 1015 specei

326 1020 410 1079 nulla
435 1017 474 1075 sit
494 1017 740 1077 convalescendi.
776 1034 837 1077 non
858 1017 939 1077 dabo
960 1016 1029 1090 ipse
1044 1018 1212 1097 deliciens,
1239 1039 1295 1083 non

294 1102 407 1172 gerim
429 1100 527 1160 habeo
548 1100 717 1174 recipiendi
737 1108 868 1174 tempus.
903 1100 997 1174 Atqui
1018 1109 1050 1160 ut
1066 1103 1148 1163 scias
1162 1121 1230 1166 rem
1244 1122 1296 1181 per

326 1200 362 1243 se
383 1184 586 1256 expetendam
609 1199 681 1243 esse
706 1183 902 1256 benefacere,
925 1183 1053 1244 advenis
1074 1186 1168 1246 mado
1189 1188 1220 1247 in
1245 1204 1294 1249 aa

326 1274 421 1326 strum
436 1266 545 1326 delatis
557 1273 676 1342 portum
690 1273 720 1325 et
732 1267 832 1325 statim
843 1266 968 1325 abituris
980 1269 1198 1330 succurrimus.
1213 1272 1294 1346 igno

324 1357 355 1409 to
371 1350 517 1423 nanlrago
533 1366 650 1423 navem,
664 1366 724 1424 qua
745 1349 917 1419 revehatur,
932 1356 962 1407 ct
975 1349 1083 1409 damus
1098 1358 1130 1410 et
1142 1351 1300 1414 struimus.¹

325 1433 457 1493 discedit
479 1432 530 1493 ille
546 1432 596 1491 vix
617 1433 692 1492 satis
715 1439 787 1491 noto
809 1432 915 1491 salutis
939 1438 1064 1491 auctore
1083 1441 1115 1493 et
1132 1452 1294 1512 numquam
1334 1447 1335 1454 ’

325 1516 455 1590 amplius
482 1516 511 1574 in
538 1523 737 1589 conspectum
765 1522 903 1574 nostrum
926 1530 1108 1575 reversurus
1139 1519 1293 1580 debitores

324 1600 414 1658 nobis
430 1599 506 1657 deas
522 1599 644 1671 delegat
660 1605 877 1673 precaturque,
898 1598 939 1656 illi
955 1614 1012 1672 pro
1034 1614 1070 1658 se
1083 1602 1213 1673 matiam
1229 1604 1293 1664 red·

325 1681 413 1740 dant:
444 1681 562 1740 interim
589 1697 647 1739 nos
675 1682 759 1739 iuvat
788 1682 899 1741 sterilis
928 1681 1069 1742 beneficii
1096 1687 1292 1747 conscientia

291 1776 309 1827 t
327 1764 402 1836 Quid
419 1771 487 1822 curn
506 1764 534 1822 in
551 1764 619 1837 ipso
636 1762 715 1823 vitae
734 1764 795 1824 fine
813 1766 1019 1836 constitimus,
1037 1781 1111 1825 cum
1134 1774 1292 1829 testamen-

323 1854 386 1905 tum
402 1847 594 1919 ordinamuS,
616 1863 676 1907 non
692 1846 842 1907 beneficia
863 1848 936 1906 nihil
958 1847 1046 1907 nobis
1067 1852 1231 1923 protutura
1251 1853 1292 1913 di-

322 1930 477 1989 vidimus?
506 1938 649 2004 quantam
674 1931 822 2005 temporis
848 1931 1049 2005 consumitur,
1078 1935 1227 2006 quamdiu
1247 1951 1291 1996 se

323 2021 406 2073 creto
421 2014 534 2087 agitur,
557 2021 701 2088 quantum
720 2022 751 2074 et
767 2014 878 2088 quihus
900 2014 1030 2074 demust
1053 2017 1127 2089 quid
1147 2019 1229 2078 enim
1249 2018 1291 2079 in-

290 2112 306 2163 5
323 2103 430 2170 terest,
446 2097 557 2172 quibus
573 2098 681 2157 demus
697 2113 715 2156 a
729 2099 812 2157 nullo
827 2097 1001 2171 receptant
1017 2099 1113 2174 Atqui
1129 2116 1292 2177 numquam

322 2181 495 2253 diligentius
520 2181 643 2253 damus,
673 2197 838 2255 numquam
858 2182 955 2255 magis
975 2180 1087 2241 iudicia
1107 2191 1216 2245 nostra
1234 2192 1291 2245 tor·

323 2279 467 2336 quernus,
489 2280 580 2336 quem
600 2263 653 2323 ubi
674 2265 800 2324 remotis
822 2264 997 2339 utilitatibus
1019 2265 1119 2325 solum
1134 2276 1206 2328 ante
1221 2284 1290 2329 ocu·

321 2347 368 2403 los
401 2345 562 2405 honestum
595 2348 690 2420 stetit,
721 2348 837 2407 tamdiu
865 2348 1035 2407 ciliciorum
1063 2351 1134 2409 mali
1164 2351 1291 2424 iudices,

323 2427 469 2501 quamdiu
483 2429 534 2487 illa
549 2430 696 2504 depravat
711 2445 784 2504 spes
800 2448 836 2491 ao
852 2438 950 2491 metus
966 2437 996 2490 et
1010 2430 1227 2495 inertissimum
1250 2436 1290 2494 vi-

320 2510 408 2582 tium,
428 2513 583 2585 voluptas:
614 2514 666 2572 ubl
688 2529 770 2573 mors
785 2515 954 2573 interclusit
966 2514 1067 2573 omnia
1088 2518 1174 2577 etad
1195 2520 1290 2579 leren-

321 2593 391 2654 dam
413 2596 593 2656 sententiam
615 2596 824 2670 incorruptum
845 2596 977 2656 iudicem
998 2598 1093 2670 misit,
1116 2602 1290 2675 quaerimus

320 2677 532 2753 dignissimos,
548 2679 659 2754 quibus
675 2688 780 2739 nostra
793 2681 950 2741 tradamus
967 2695 1023 2738 nec
1038 2681 1205 2756 quicquam
1220 2699 1291 2745 cura

320 2762 473 2822 sanctiore
489 2764 691 2837 componimus
711 2780 802 2837 quarn
830 2764 913 2838 quod
935 2761 974 2821 ad
995 2779 1052 2823 nos
1069 2781 1130 2825 non
1152 2768 1289 2840 pertinet

288 2844 365 2910 oAc
390 2844 564 2904 mehercule
589 2853 660 2905 tunc
683 2862 796 2920 magna
817 2848 959 2922 voluptas
986 2846 1068 2908 subit
1093 2850 1289 2922 cogitantem

319 2924 401 2984 hunc
415 2941 473 2999 ego
488 2927 717 3002 locupletiorem
733 2930 839 2989 laciam
855 2938 886 2990 et
899 2930 989 2990 huius
1011 2930 1146 3003 dignitati
1163 2934 1290 2994 adiectis

320 3008 431 3082 opibus
447 3010 563 3084 aliquid
577 3010 752 3086 splendoris
768 3014 943 3072 adlundam.
981 3012 1014 3072 Si
1029 3030 1089 3073 non
1108 3015 1218 3076 damus
1239 3018 1289 3076 be·

319 3092 429 3151 noticia
444 3094 501 3152 nisi
516 3095 684 3169 recepturi,
707 3096 855 3156 intestatis
870 3096 1060 3159 moriendum
1076 3098 1124 3157 sit.

286 3191 302 3243 1
378 3174 442 3233 Xll.
465 3177 606 3251 „Dicitis,
628 3179 740 3253 inquit,
762 3179 944 3239 beneficium
960 3180 1107 3240 creditam
1128 3180 1290 3242 insolubile

318 3275 405 3319 esse:
426 3261 573 3321 creditum
593 3271 693 3322 autem
713 3279 776 3322 non
797 3270 846 3322 est
869 3278 920 3322 res
945 3279 1001 3337 per
1026 3279 1061 3323 se
1085 3265 1290 3338 expetenda“

318 3343 392 3401 Cum
408 3345 554 3404 creditum
578 3345 723 3420 dicimus,
745 3345 877 3420 imagine
898 3354 928 3406 et
947 3346 1148 3408 translatione
1168 3348 1288 3408 utimur.

317 3426 362 3484 sic
377 3426 456 3485 enim
472 3434 502 3485 et
519 3429 616 3500 legem
639 3431 753 3489 scimus
773 3429 845 3490 iusti
865 3430 1030 3505 iniustique
1045 3431 1180 3504 regulam
1203 3447 1288 3492 esser

316 3516 346 3568 et
359 3510 467 3583 regula
481 3525 541 3569 non
559 3517 607 3569 est
620 3527 671 3571 res
693 3529 750 3585 per
770 3529 805 3573 se
824 3514 1006 3586 expetenda.
1040 3515 1079 3574 ad
1100 3514 1179 3574 haec
1195 3515 1289 3575 verba

316 3591 574 3653 demonstrandae
588 3594 632 3653 rei
648 3610 744 3655 causa
762 3597 993 3657 descendimus:
1015 3613 1083 3657 aum
1105 3598 1176 3658 dico
1191 3598 1287 3658 credi·

316 3679 393 3748 tum,
416 3675 598 3751 intellegitur
620 3684 773 3752 tamquam
795 3678 951 3739 creditum.
983 3681 1032 3741 vis
1058 3682 1159 3744 sciret
1187 3680 1286 3741 edicio
