<?xml version="1.0" encoding="UTF-8"?>
<!DOCTYPE html PUBLIC "-//W3C//DTD XHTML 1.0 Transitional//EN"
    "http://www.w3.org/TR/xhtml1/DTD/xhtml1-transitional.dtd">
<html xmlns="http://www.w3.org/1999/xhtml" xml:lang="en" lang="en">
 <head>
  <title>
</title>
<meta http-equiv="Content-Type" content="text/html;charset=utf-8" />
  <meta name='ocr-system' content='tesseract 3.04.00' />
  <meta name='ocr-capabilities' content='ocr_page ocr_carea ocr_par ocr_line ocrx_word'/>
</head>
<body>
  <div class='ocr_page' id='page_1' title='image "./lannaeisenecaeo07senegoog_0056.png"; bbox 0 0 2942 4384; ppageno 0'>
   <div class='ocr_carea' id='block_1_1' title="bbox 266 450 943 517">
    <p class='ocr_par' dir='ltr' id='par_1_1' title="bbox 266 450 943 517">
     <span class='ocr_line' id='line_1_1' title="bbox 266 450 943 517; baseline -0.007 0"><span class='ocrx_word' id='word_1_1' title='bbox 266 450 310 517; x_wconf 68' lang='grc'><strong>44</strong></span> <span class='ocrx_word' id='word_1_2' title='bbox 561 453 593 512; x_wconf 86' lang='lat' dir='ltr'><strong>t.</strong></span> <span class='ocrx_word' id='word_1_3' title='bbox 607 453 752 512; x_wconf 82' lang='lat' dir='ltr'><strong>ANNAEI</strong></span> <span class='ocrx_word' id='word_1_4' title='bbox 769 452 943 514; x_wconf 76' lang='lat' dir='ltr'><strong>SENECAE</strong></span> 
     </span>
    </p>
   </div>
   <div class='ocr_carea' id='block_1_2' title="bbox 233 601 1283 3764">
    <p class='ocr_par' dir='ltr' id='par_1_2' title="bbox 236 601 1283 928">
     <span class='ocr_line' id='line_1_2' title="bbox 236 601 1235 677; baseline -0.002 -14"><span class='ocrx_word' id='word_1_5' title='bbox 236 625 250 677; x_wconf 84' lang='lat'>1</span> <span class='ocrx_word' id='word_1_6' title='bbox 329 603 408 664; x_wconf 85' lang='lat' dir='ltr'><strong>XIV.</strong></span> <span class='ocrx_word' id='word_1_7' title='bbox 429 602 565 676; x_wconf 84' lang='lat' dir='ltr'>„Deinde</span> <span class='ocrx_word' id='word_1_8' title='bbox 582 603 728 676; x_wconf 81' lang='lat' dir='ltr'>pauciora</span> <span class='ocrx_word' id='word_1_9' title='bbox 743 609 832 661; x_wconf 91' lang='lat' dir='ltr'><strong>erunt</strong></span> <span class='ocrx_word' id='word_1_10' title='bbox 851 601 1015 676; x_wconf 85' lang='lat' dir='ltr'><strong>beneficia,</strong></span> <span class='ocrx_word' id='word_1_11' title='bbox 1032 602 1089 664; x_wconf 90' lang='lat' dir='ltr'><strong>sed</strong></span> <span class='ocrx_word' id='word_1_12' title='bbox 1107 603 1235 666; x_wconf 75' lang='lat' dir='ltr'><strong>veriora:</strong></span> 
     </span>
     <span class='ocr_line' id='line_1_3' title="bbox 269 686 1236 763; baseline 0 -16"><span class='ocrx_word' id='word_1_13' title='bbox 269 688 342 763; x_wconf 90' lang='lat' dir='ltr'><strong>quid</strong></span> <span class='ocrx_word' id='word_1_14' title='bbox 358 693 457 746; x_wconf 88' lang='lat' dir='ltr'><strong>autern</strong></span> <span class='ocrx_word' id='word_1_15' title='bbox 472 686 542 745; x_wconf 86' lang='lat' dir='ltr'><strong>mali</strong></span> <span class='ocrx_word' id='word_1_16' title='bbox 558 693 606 746; x_wconf 90' lang='lat' dir='ltr'><strong>est</strong></span> <span class='ocrx_word' id='word_1_17' title='bbox 620 686 747 744; x_wconf 84' lang='lat' dir='ltr'><strong>inhiberi</strong></span> <span class='ocrx_word' id='word_1_18' title='bbox 763 686 981 746; x_wconf 87' lang='lat' dir='ltr'><strong>beneficiorum</strong></span> <span class='ocrx_word' id='word_1_19' title='bbox 1002 688 1236 747; x_wconf 68' lang='grc'><strong>11111111111111111</strong></span> 
     </span>
     <span class='ocr_line' id='line_1_4' title="bbox 267 769 1283 844; baseline -0.002 -14"><span class='ocrx_word' id='word_1_20' title='bbox 267 771 333 831; x_wconf 90' lang='lat' dir='ltr'><strong>Hoc</strong></span> <span class='ocrx_word' id='word_1_21' title='bbox 347 770 427 831; x_wconf 87' lang='lat' dir='ltr'><strong>enim</strong></span> <span class='ocrx_word' id='word_1_22' title='bbox 441 770 541 844; x_wconf 91' lang='lat' dir='ltr'><strong>ipsum</strong></span> <span class='ocrx_word' id='word_1_23' title='bbox 560 769 657 829; x_wconf 84' lang='lat' dir='ltr'><strong>secuti</strong></span> <span class='ocrx_word' id='word_1_24' title='bbox 672 777 757 840; x_wconf 83' lang='lat' dir='ltr'><strong>sunt,</strong></span> <span class='ocrx_word' id='word_1_25' title='bbox 775 770 826 844; x_wconf 94' lang='lat' dir='ltr'><strong>qui</strong></span> <span class='ocrx_word' id='word_1_26' title='bbox 841 771 954 829; x_wconf 90' lang='lat' dir='ltr'><strong>nullam</strong></span> <span class='ocrx_word' id='word_1_27' title='bbox 969 770 1067 843; x_wconf 85' lang='lat' dir='ltr'><strong>legem</strong></span> <span class='ocrx_word' id='word_1_28' title='bbox 1082 770 1155 831; x_wconf 90' lang='lat' dir='ltr'><strong>huic</strong></span> <span class='ocrx_word' id='word_1_29' title='bbox 1171 787 1236 830; x_wconf 89' lang='lat' dir='ltr'><strong>con·</strong></span> <span class='ocrx_word' id='word_1_30' title='bbox 1281 815 1283 828; x_wconf 41' lang='lat' dir='ltr'><strong>r</strong></span> 
     </span>
     <span class='ocr_line' id='line_1_5' title="bbox 269 853 1237 928; baseline -0.002 -12"><span class='ocrx_word' id='word_1_31' title='bbox 269 856 443 927; x_wconf 73' lang='lat' dir='ltr'><strong>stituerunt,</strong></span> <span class='ocrx_word' id='word_1_32' title='bbox 459 860 491 912; x_wconf 90' lang='lat' dir='ltr'><strong>ul</strong></span> <span class='ocrx_word' id='word_1_33' title='bbox 506 853 756 927; x_wconf 83' lang='lat' dir='ltr'><strong>circumspectius</strong></span> <span class='ocrx_word' id='word_1_34' title='bbox 772 853 971 925; x_wconf 83' lang='lat' dir='ltr'><strong>donaremus,</strong></span> <span class='ocrx_word' id='word_1_35' title='bbox 987 853 1237 928; x_wconf 86' lang='lat' dir='ltr'><strong>circumspectius</strong></span> 
     </span>
    </p>

    <p class='ocr_par' dir='ltr' id='par_1_3' title="bbox 237 936 1239 1345">
     <span class='ocr_line' id='line_1_6' title="bbox 237 936 1238 1013; baseline -0.002 -14"><span class='ocrx_word' id='word_1_36' title='bbox 237 938 450 1013; x_wconf 64' lang='lat' dir='ltr'><strong>seligeremus</strong></span> <span class='ocrx_word' id='word_1_37' title='bbox 466 951 536 1006; x_wconf 93' lang='lat' dir='ltr'><strong>eos,</strong></span> <span class='ocrx_word' id='word_1_38' title='bbox 553 936 582 994; x_wconf 93' lang='lat' dir='ltr'><strong>in</strong></span> <span class='ocrx_word' id='word_1_39' title='bbox 599 951 677 1009; x_wconf 91' lang='lat' dir='ltr'><strong>quos</strong></span> <span class='ocrx_word' id='word_1_40' title='bbox 692 936 797 994; x_wconf 88' lang='lat' dir='ltr'><strong>merita</strong></span> <span class='ocrx_word' id='word_1_41' title='bbox 812 937 1017 996; x_wconf 82' lang='lat' dir='ltr'><strong>conferuntur.</strong></span> <span class='ocrx_word' id='word_1_42' title='bbox 1038 936 1139 997; x_wconf 89' lang='lat' dir='ltr'><strong>Elium</strong></span> <span class='ocrx_word' id='word_1_43' title='bbox 1150 946 1238 1012; x_wconf 86' lang='lat' dir='ltr'><strong>atquc</strong></span> 
     </span>
     <span class='ocr_line' id='line_1_7' title="bbox 268 1018 1237 1095; baseline -0.001 -14"><span class='ocrx_word' id='word_1_44' title='bbox 268 1022 357 1082; x_wconf 85' lang='lat' dir='ltr'><strong>etium</strong></span> <span class='ocrx_word' id='word_1_45' title='bbox 373 1020 422 1078; x_wconf 91' lang='lat' dir='ltr'><strong>cui</strong></span> <span class='ocrx_word' id='word_1_46' title='bbox 437 1020 493 1079; x_wconf 92' lang='lat' dir='ltr'><strong>des</strong></span> <span class='ocrx_word' id='word_1_47' title='bbox 508 1018 685 1078; x_wconf 84' lang='lat' dir='ltr'><strong>considera:</strong></span> <span class='ocrx_word' id='word_1_48' title='bbox 716 1020 797 1078; x_wconf 91' lang='lat' dir='ltr'><strong>nulla</strong></span> <span class='ocrx_word' id='word_1_49' title='bbox 811 1018 890 1078; x_wconf 90' lang='lat' dir='ltr'><strong>actio</strong></span> <span class='ocrx_word' id='word_1_50' title='bbox 906 1020 975 1090; x_wconf 89' lang='lat' dir='ltr'><strong>erit,</strong></span> <span class='ocrx_word' id='word_1_51' title='bbox 994 1022 1075 1080; x_wconf 88' lang='lat' dir='ltr'><strong>nulla</strong></span> <span class='ocrx_word' id='word_1_52' title='bbox 1089 1021 1237 1095; x_wconf 88' lang='lat' dir='ltr'><strong>repetitio.</strong></span> 
     </span>
     <span class='ocr_line' id='line_1_8' title="bbox 269 1101 1239 1174; baseline 0.001 -10"><span class='ocrx_word' id='word_1_53' title='bbox 269 1120 369 1174; x_wconf 87' lang='lat' dir='ltr'><strong>erras,</strong></span> <span class='ocrx_word' id='word_1_54' title='bbox 386 1102 412 1161; x_wconf 91' lang='lat' dir='ltr'><strong>si</strong></span> <span class='ocrx_word' id='word_1_55' title='bbox 427 1101 583 1162; x_wconf 88' lang='lat' dir='ltr'><strong>existimas</strong></span> <span class='ocrx_word' id='word_1_56' title='bbox 607 1117 823 1162; x_wconf 88' lang='lat' dir='ltr'><strong>succursurum</strong></span> <span class='ocrx_word' id='word_1_57' title='bbox 845 1102 898 1161; x_wconf 90' lang='lat' dir='ltr'><strong>tibi</strong></span> <span class='ocrx_word' id='word_1_58' title='bbox 918 1102 1058 1162; x_wconf 90' lang='lat' dir='ltr'><strong>iudicem.</strong></span> <span class='ocrx_word' id='word_1_59' title='bbox 1092 1105 1177 1164; x_wconf 92' lang='lat' dir='ltr'><strong>nulla</strong></span> <span class='ocrx_word' id='word_1_60' title='bbox 1192 1106 1239 1165; x_wconf 87' lang='lat' dir='ltr'><strong>lex</strong></span> 
     </span>
     <span class='ocr_line' id='line_1_9' title="bbox 270 1186 1238 1261; baseline 0 -13"><span class='ocrx_word' id='word_1_61' title='bbox 270 1196 298 1248; x_wconf 93' lang='lat' dir='ltr'><strong>te</strong></span> <span class='ocrx_word' id='word_1_62' title='bbox 313 1188 342 1246; x_wconf 93' lang='lat' dir='ltr'><strong>in</strong></span> <span class='ocrx_word' id='word_1_63' title='bbox 359 1186 506 1260; x_wconf 84' lang='lat' dir='ltr'><strong>integrum</strong></span> <span class='ocrx_word' id='word_1_64' title='bbox 519 1187 672 1246; x_wconf 80' lang='lat' dir='ltr'><strong>restituet:</strong></span> <span class='ocrx_word' id='word_1_65' title='bbox 702 1187 798 1245; x_wconf 90' lang='lat' dir='ltr'><strong>solam</strong></span> <span class='ocrx_word' id='word_1_66' title='bbox 817 1186 995 1260; x_wconf 89' lang='lat' dir='ltr'><strong>accipientis</strong></span> <span class='ocrx_word' id='word_1_67' title='bbox 1015 1186 1109 1246; x_wconf 86' lang='lat' dir='ltr'><strong>fidem</strong></span> <span class='ocrx_word' id='word_1_68' title='bbox 1125 1196 1238 1261; x_wconf 78' lang='lat' dir='ltr'><strong>specta</strong></span> 
     </span>
     <span class='ocr_line' id='line_1_10' title="bbox 268 1269 1238 1345; baseline 0.001 -15"><span class='ocrx_word' id='word_1_69' title='bbox 268 1271 334 1331; x_wconf 92' lang='lat' dir='ltr'><strong>Hoc</strong></span> <span class='ocrx_word' id='word_1_70' title='bbox 351 1270 442 1329; x_wconf 91' lang='lat' dir='ltr'><strong>modo</strong></span> <span class='ocrx_word' id='word_1_71' title='bbox 458 1269 607 1328; x_wconf 88' lang='lat' dir='ltr'><strong>beneficia</strong></span> <span class='ocrx_word' id='word_1_72' title='bbox 623 1269 832 1328; x_wconf 86' lang='lat' dir='ltr'><strong>auctoritatem</strong></span> <span class='ocrx_word' id='word_1_73' title='bbox 846 1285 933 1328; x_wconf 88' lang='lat' dir='ltr'><strong>suam</strong></span> <span class='ocrx_word' id='word_1_74' title='bbox 954 1275 1056 1329; x_wconf 90' lang='lat' dir='ltr'><strong>tenent</strong></span> <span class='ocrx_word' id='word_1_75' title='bbox 1076 1278 1107 1330; x_wconf 88' lang='lat' dir='ltr'><strong>et</strong></span> <span class='ocrx_word' id='word_1_76' title='bbox 1127 1269 1238 1345; x_wconf 82' lang='lat' dir='ltr'><strong>magni·</strong></span> 
     </span>
    </p>

    <p class='ocr_par' dir='ltr' id='par_1_4' title="bbox 238 1352 1240 1676">
     <span class='ocr_line' id='line_1_11' title="bbox 238 1352 1238 1429; baseline -0.006 -9"><span class='ocrx_word' id='word_1_77' title='bbox 238 1355 329 1420; x_wconf 81' lang='lat' dir='ltr'><strong>alica</strong></span> <span class='ocrx_word' id='word_1_78' title='bbox 343 1362 430 1413; x_wconf 78' lang='lat' dir='ltr'><strong>sunt:</strong></span> <span class='ocrx_word' id='word_1_79' title='bbox 446 1353 565 1427; x_wconf 77' lang='lat' dir='ltr'><strong>pollues</strong></span> <span class='ocrx_word' id='word_1_80' title='bbox 578 1354 643 1425; x_wconf 90' lang='lat' dir='ltr'><strong>illa,</strong></span> <span class='ocrx_word' id='word_1_81' title='bbox 659 1353 684 1411; x_wconf 92' lang='lat' dir='ltr'><strong>si</strong></span> <span class='ocrx_word' id='word_1_82' title='bbox 700 1352 855 1411; x_wconf 80' lang='lat' dir='ltr'><strong>materiam</strong></span> <span class='ocrx_word' id='word_1_83' title='bbox 868 1352 960 1411; x_wconf 90' lang='lat' dir='ltr'><strong>litium</strong></span> <span class='ocrx_word' id='word_1_84' title='bbox 972 1353 1092 1412; x_wconf 89' lang='lat' dir='ltr'><strong>leceris.</strong></span> <span class='ocrx_word' id='word_1_85' title='bbox 1110 1355 1238 1429; x_wconf 79' lang='lat' dir='ltr'><strong>Aequis</strong></span> 
     </span>
     <span class='ocr_line' id='line_1_12' title="bbox 270 1436 1239 1512; baseline 0.001 -15"><span class='ocrx_word' id='word_1_86' title='bbox 270 1439 346 1498; x_wconf 89' lang='lat' dir='ltr'><strong>sima</strong></span> <span class='ocrx_word' id='word_1_87' title='bbox 357 1454 418 1497; x_wconf 89' lang='lat' dir='ltr'><strong>vox</strong></span> <span class='ocrx_word' id='word_1_88' title='bbox 433 1445 480 1496; x_wconf 91' lang='lat' dir='ltr'><strong>est</strong></span> <span class='ocrx_word' id='word_1_89' title='bbox 494 1444 523 1496; x_wconf 92' lang='lat' dir='ltr'><strong>et</strong></span> <span class='ocrx_word' id='word_1_90' title='bbox 537 1437 584 1496; x_wconf 90' lang='lat' dir='ltr'><strong>ius</strong></span> <span class='ocrx_word' id='word_1_91' title='bbox 595 1436 728 1509; x_wconf 80' lang='lat' dir='ltr'><strong>gentium</strong></span> <span class='ocrx_word' id='word_1_92' title='bbox 743 1437 984 1508; x_wconf 82' lang='lat' dir='ltr'><strong>praeseferens,</strong></span> <span class='ocrx_word' id='word_1_93' title='bbox 1004 1436 1123 1495; x_wconf 88' lang='lat' dir='ltr'><strong>redde</strong></span> <span class='ocrx_word' id='word_1_94' title='bbox 1139 1437 1239 1512; x_wconf 90' lang='lat' dir='ltr'><strong>quod</strong></span> 
     </span>
     <span class='ocr_line' id='line_1_13' title="bbox 269 1518 1240 1594; baseline 0 -14"><span class='ocrx_word' id='word_1_95' title='bbox 269 1521 397 1580; x_wconf 85' lang='lat' dir='ltr'><strong>debes.</strong></span> <span class='ocrx_word' id='word_1_96' title='bbox 423 1520 499 1578; x_wconf 90' lang='lat' dir='ltr'><strong>haec</strong></span> <span class='ocrx_word' id='word_1_97' title='bbox 515 1520 690 1594; x_wconf 89' lang='lat' dir='ltr'><strong>turpissima</strong></span> <span class='ocrx_word' id='word_1_98' title='bbox 704 1525 752 1577; x_wconf 91' lang='lat' dir='ltr'><strong>est</strong></span> <span class='ocrx_word' id='word_1_99' title='bbox 766 1519 795 1576; x_wconf 93' lang='lat' dir='ltr'><strong>in</strong></span> <span class='ocrx_word' id='word_1_100' title='bbox 810 1518 975 1589; x_wconf 86' lang='lat' dir='ltr'><strong>beneficio,</strong></span> <span class='ocrx_word' id='word_1_101' title='bbox 991 1518 1121 1578; x_wconf 88' lang='lat' dir='ltr'><strong>redde.</strong></span> <span class='ocrx_word' id='word_1_102' title='bbox 1142 1520 1240 1594; x_wconf 72' lang='lat' dir='ltr'><strong>uuida</strong></span> 
     </span>
     <span class='ocr_line' id='line_1_14' title="bbox 267 1600 1239 1676; baseline 0.002 -14"><span class='ocrx_word' id='word_1_103' title='bbox 267 1605 376 1664; x_wconf 88' lang='lat' dir='ltr'><strong>reddet</strong></span> <span class='ocrx_word' id='word_1_104' title='bbox 390 1603 479 1662; x_wconf 90' lang='lat' dir='ltr'><strong>vitam</strong></span> <span class='ocrx_word' id='word_1_105' title='bbox 496 1618 586 1676; x_wconf 87' lang='lat' dir='ltr'><strong>quam</strong></span> <span class='ocrx_word' id='word_1_106' title='bbox 602 1603 713 1661; x_wconf 67' lang='lat' dir='ltr'><strong>debet?</strong></span> <span class='ocrx_word' id='word_1_107' title='bbox 732 1600 928 1674; x_wconf 71' lang='lat' dir='ltr'><strong>dignitatem?</strong></span> <span class='ocrx_word' id='word_1_108' title='bbox 953 1603 1168 1663; x_wconf 79' lang='lat' dir='ltr'><strong>securitatemr</strong></span> <span class='ocrx_word' id='word_1_109' title='bbox 1193 1619 1239 1664; x_wconf 91' lang='lat' dir='ltr'><strong>sa·</strong></span> 
     </span>
    </p>

    <p class='ocr_par' dir='ltr' id='par_1_5' title="bbox 237 1685 1239 2262">
     <span class='ocr_line' id='line_1_15' title="bbox 237 1685 1239 1762; baseline -0.003 -11"><span class='ocrx_word' id='word_1_110' title='bbox 237 1689 411 1751; x_wconf 76' lang='grc'><strong>1111111111</strong></span> <span class='ocrx_word' id='word_1_111' title='bbox 439 1686 525 1745; x_wconf 90' lang='lat' dir='ltr'><strong>reddi</strong></span> <span class='ocrx_word' id='word_1_112' title='bbox 541 1685 672 1744; x_wconf 87' lang='lat' dir='ltr'><strong>maxima</strong></span> <span class='ocrx_word' id='word_1_113' title='bbox 687 1700 829 1759; x_wconf 91' lang='lat' dir='ltr'><strong>quaeque</strong></span> <span class='ocrx_word' id='word_1_114' title='bbox 844 1702 903 1745; x_wconf 92' lang='lat' dir='ltr'><strong>non</strong></span> <span class='ocrx_word' id='word_1_115' title='bbox 923 1693 1061 1759; x_wconf 88' lang='lat' dir='ltr'><strong>possunt.</strong></span> <span class='ocrx_word' id='word_1_116' title='bbox 1089 1690 1175 1758; x_wconf 82' lang='lat' dir='ltr'><strong>„Aut</strong></span> <span class='ocrx_word' id='word_1_117' title='bbox 1186 1703 1239 1762; x_wconf 90' lang='lat' dir='ltr'><strong>pro</strong></span> 
     </span>
     <span class='ocr_line' id='line_1_16' title="bbox 267 1768 1238 1844; baseline 0.001 -15"><span class='ocrx_word' id='word_1_118' title='bbox 267 1769 332 1842; x_wconf 87' lang='lat' dir='ltr'><strong>his,</strong></span> <span class='ocrx_word' id='word_1_119' title='bbox 355 1770 465 1844; x_wconf 87' lang='lat' dir='ltr'><strong>inquit,</strong></span> <span class='ocrx_word' id='word_1_120' title='bbox 489 1768 603 1842; x_wconf 87' lang='lat' dir='ltr'><strong>aliquid</strong></span> <span class='ocrx_word' id='word_1_121' title='bbox 620 1769 703 1841; x_wconf 92' lang='lat' dir='ltr'><strong>quod</strong></span> <span class='ocrx_word' id='word_1_122' title='bbox 718 1768 792 1827; x_wconf 84' lang='lat' dir='ltr'><strong>tanti</strong></span> <span class='ocrx_word' id='word_1_123' title='bbox 805 1769 873 1827; x_wconf 88' lang='lat' dir='ltr'><strong>sil.“</strong></span> <span class='ocrx_word' id='word_1_124' title='bbox 907 1769 972 1828; x_wconf 92' lang='lat' dir='ltr'><strong>Hoc</strong></span> <span class='ocrx_word' id='word_1_125' title='bbox 990 1771 1136 1843; x_wconf 90' lang='lat' dir='ltr'><strong>estquod</strong></span> <span class='ocrx_word' id='word_1_126' title='bbox 1159 1771 1238 1830; x_wconf 75' lang='lat' dir='ltr'><strong>dice</strong></span> 
     </span>
     <span class='ocr_line' id='line_1_17' title="bbox 267 1851 1239 1925; baseline 0.001 -14"><span class='ocrx_word' id='word_1_127' title='bbox 267 1853 347 1924; x_wconf 91' lang='lat' dir='ltr'><strong>bam,</strong></span> <span class='ocrx_word' id='word_1_128' title='bbox 364 1852 549 1913; x_wconf 88' lang='lat' dir='ltr'><strong>interituram</strong></span> <span class='ocrx_word' id='word_1_129' title='bbox 563 1859 663 1913; x_wconf 86' lang='lat' dir='ltr'><strong>tantae</strong></span> <span class='ocrx_word' id='word_1_130' title='bbox 677 1852 721 1910; x_wconf 93' lang='grc'><strong>111</strong></span> <span class='ocrx_word' id='word_1_131' title='bbox 733 1852 915 1925; x_wconf 83' lang='lat' dir='ltr'><strong>dignitatem,</strong></span> <span class='ocrx_word' id='word_1_132' title='bbox 932 1851 959 1911; x_wconf 89' lang='lat' dir='ltr'><strong>si</strong></span> <span class='ocrx_word' id='word_1_133' title='bbox 969 1852 1151 1912; x_wconf 86' lang='lat' dir='ltr'><strong>beneficium</strong></span> <span class='ocrx_word' id='word_1_134' title='bbox 1165 1869 1239 1913; x_wconf 88' lang='lat' dir='ltr'><strong>mer·</strong></span> 
     </span>
     <span class='ocr_line' id='line_1_18' title="bbox 268 1936 1238 2007; baseline -0.001 -10"><span class='ocrx_word' id='word_1_135' title='bbox 268 1953 334 1997; x_wconf 91' lang='lat' dir='ltr'><strong>cem</strong></span> <span class='ocrx_word' id='word_1_136' title='bbox 352 1938 489 1996; x_wconf 76' lang='lat' dir='ltr'><strong>iacimus</strong></span> <span class='ocrx_word' id='word_1_137' title='bbox 518 1937 583 1994; x_wconf 91' lang='lat' dir='ltr'><strong>Non</strong></span> <span class='ocrx_word' id='word_1_138' title='bbox 608 1942 655 1995; x_wconf 94' lang='lat' dir='ltr'><strong>est</strong></span> <span class='ocrx_word' id='word_1_139' title='bbox 676 1936 845 1995; x_wconf 87' lang='lat' dir='ltr'><strong>inritaudus</strong></span> <span class='ocrx_word' id='word_1_140' title='bbox 868 1936 986 1995; x_wconf 90' lang='lat' dir='ltr'><strong>animus</strong></span> <span class='ocrx_word' id='word_1_141' title='bbox 1008 1936 1048 1993; x_wconf 90' lang='lat' dir='ltr'><strong>ad</strong></span> <span class='ocrx_word' id='word_1_142' title='bbox 1073 1938 1238 2007; x_wconf 80' lang='lat' dir='ltr'><strong>avaritiam,</strong></span> 
     </span>
     <span class='ocr_line' id='line_1_19' title="bbox 268 2018 1239 2095; baseline -0.002 -15"><span class='ocrx_word' id='word_1_143' title='bbox 268 2022 305 2081; x_wconf 91' lang='lat' dir='ltr'><strong>ad</strong></span> <span class='ocrx_word' id='word_1_144' title='bbox 323 2022 479 2095; x_wconf 78' lang='lat' dir='ltr'><strong>querelaS‚</strong></span> <span class='ocrx_word' id='word_1_145' title='bbox 502 2020 541 2079; x_wconf 89' lang='lat' dir='ltr'><strong>ad</strong></span> <span class='ocrx_word' id='word_1_146' title='bbox 562 2020 762 2079; x_wconf 83' lang='lat' dir='ltr'><strong>discordiam:</strong></span> <span class='ocrx_word' id='word_1_147' title='bbox 792 2036 849 2078; x_wconf 92' lang='lat' dir='ltr'><strong>sua</strong></span> <span class='ocrx_word' id='word_1_148' title='bbox 869 2026 979 2093; x_wconf 89' lang='lat' dir='ltr'><strong>sponte</strong></span> <span class='ocrx_word' id='word_1_149' title='bbox 1003 2018 1032 2075; x_wconf 93' lang='lat' dir='ltr'><strong>in</strong></span> <span class='ocrx_word' id='word_1_150' title='bbox 1055 2019 1115 2079; x_wconf 88' lang='lat' dir='ltr'><strong>isla</strong></span> <span class='ocrx_word' id='word_1_151' title='bbox 1136 2022 1239 2081; x_wconf 88' lang='lat' dir='ltr'><strong>lertur.</strong></span> 
     </span>
     <span class='ocr_line' id='line_1_20' title="bbox 269 2101 1238 2180; baseline 0 -16"><span class='ocrx_word' id='word_1_152' title='bbox 269 2112 413 2180; x_wconf 86' lang='lat' dir='ltr'><strong>quantum</strong></span> <span class='ocrx_word' id='word_1_153' title='bbox 435 2120 601 2179; x_wconf 91' lang='lat' dir='ltr'><strong>possumus</strong></span> <span class='ocrx_word' id='word_1_154' title='bbox 626 2104 805 2163; x_wconf 89' lang='lat' dir='ltr'><strong>resistamus</strong></span> <span class='ocrx_word' id='word_1_155' title='bbox 825 2110 854 2162; x_wconf 92' lang='lat' dir='ltr'><strong>et</strong></span> <span class='ocrx_word' id='word_1_156' title='bbox 875 2101 1031 2178; x_wconf 81' lang='lat' dir='ltr'><strong>quaerenti</strong></span> <span class='ocrx_word' id='word_1_157' title='bbox 1057 2104 1238 2164; x_wconf 85' lang='lat' dir='ltr'><strong>occasiones</strong></span> 
     </span>
     <span class='ocr_line' id='line_1_21' title="bbox 269 2194 470 2262; baseline -0.005 -15"><span class='ocrx_word' id='word_1_158' title='bbox 269 2194 470 2262; x_wconf 81' lang='lat' dir='ltr'><strong>amputemus</strong></span> 
     </span>
    </p>

    <p class='ocr_par' dir='ltr' id='par_1_6' title="bbox 239 2268 1240 2595">
     <span class='ocr_line' id='line_1_22' title="bbox 239 2268 1239 2345; baseline 0.004 -17"><span class='ocrx_word' id='word_1_159' title='bbox 239 2284 253 2336; x_wconf 91' lang='lat' dir='ltr'><strong>l</strong></span> <span class='ocrx_word' id='word_1_160' title='bbox 330 2271 395 2328; x_wconf 85' lang='lat' dir='ltr'><strong>XV.</strong></span> <span class='ocrx_word' id='word_1_161' title='bbox 421 2270 539 2328; x_wconf 90' lang='lat' dir='ltr'><strong>Utinam</strong></span> <span class='ocrx_word' id='word_1_162' title='bbox 556 2268 679 2343; x_wconf 89' lang='lat' dir='ltr'><strong>quidem</strong></span> <span class='ocrx_word' id='word_1_163' title='bbox 695 2270 882 2344; x_wconf 89' lang='lat' dir='ltr'><strong>persuadere</strong></span> <span class='ocrx_word' id='word_1_164' title='bbox 899 2285 1076 2345; x_wconf 89' lang='lat' dir='ltr'><strong>possemus,</strong></span> <span class='ocrx_word' id='word_1_165' title='bbox 1100 2277 1132 2329; x_wconf 93' lang='lat' dir='ltr'><strong>ut</strong></span> <span class='ocrx_word' id='word_1_166' title='bbox 1145 2286 1239 2345; x_wconf 89' lang='lat' dir='ltr'><strong>pecu·</strong></span> 
     </span>
     <span class='ocr_line' id='line_1_23' title="bbox 268 2352 1238 2428; baseline 0.002 -16"><span class='ocrx_word' id='word_1_167' title='bbox 268 2353 334 2412; x_wconf 89' lang='lat' dir='ltr'><strong>nias</strong></span> <span class='ocrx_word' id='word_1_168' title='bbox 351 2354 480 2412; x_wconf 89' lang='lat' dir='ltr'><strong>ereditas</strong></span> <span class='ocrx_word' id='word_1_169' title='bbox 494 2360 608 2412; x_wconf 88' lang='lat' dir='ltr'><strong>tantum</strong></span> <span class='ocrx_word' id='word_1_170' title='bbox 624 2354 826 2413; x_wconf 82' lang='lat' dir='ltr'><strong>avolantibus</strong></span> <span class='ocrx_word' id='word_1_171' title='bbox 837 2355 1026 2428; x_wconf 88' lang='lat' dir='ltr'><strong>acciperent!</strong></span> <span class='ocrx_word' id='word_1_172' title='bbox 1047 2352 1163 2413; x_wconf 90' lang='lat' dir='ltr'><strong>utinam</strong></span> <span class='ocrx_word' id='word_1_173' title='bbox 1176 2355 1238 2414; x_wconf 94' lang='lat' dir='ltr'><strong>nul·</strong></span> 
     </span>
     <span class='ocr_line' id='line_1_24' title="bbox 268 2437 1240 2511; baseline 0.002 -16"><span class='ocrx_word' id='word_1_174' title='bbox 268 2438 300 2495; x_wconf 88' lang='lat' dir='ltr'><strong>la</strong></span> <span class='ocrx_word' id='word_1_175' title='bbox 312 2437 465 2511; x_wconf 82' lang='lat' dir='ltr'><strong>stipulatio</strong></span> <span class='ocrx_word' id='word_1_176' title='bbox 478 2444 645 2510; x_wconf 90' lang='lat' dir='ltr'><strong>emptorem</strong></span> <span class='ocrx_word' id='word_1_177' title='bbox 657 2438 805 2496; x_wconf 88' lang='lat' dir='ltr'><strong>venditori</strong></span> <span class='ocrx_word' id='word_1_178' title='bbox 818 2437 979 2510; x_wconf 80' lang='lat' dir='ltr'><strong>obligaret!</strong></span> <span class='ocrx_word' id='word_1_179' title='bbox 999 2452 1055 2496; x_wconf 91' lang='lat' dir='ltr'><strong>nec</strong></span> <span class='ocrx_word' id='word_1_180' title='bbox 1067 2445 1157 2511; x_wconf 89' lang='lat' dir='ltr'><strong>pacta</strong></span> <span class='ocrx_word' id='word_1_181' title='bbox 1168 2453 1240 2497; x_wconf 93' lang='lat' dir='ltr'><strong>con·</strong></span> 
     </span>
     <span class='ocr_line' id='line_1_25' title="bbox 268 2518 1240 2595; baseline 0.004 -18"><span class='ocrx_word' id='word_1_182' title='bbox 268 2529 422 2593; x_wconf 91' lang='lat' dir='ltr'><strong>ventaque</strong></span> <span class='ocrx_word' id='word_1_183' title='bbox 437 2519 586 2594; x_wconf 89' lang='lat' dir='ltr'><strong>inpressis</strong></span> <span class='ocrx_word' id='word_1_184' title='bbox 601 2518 697 2592; x_wconf 79' lang='lat' dir='ltr'><strong>signis</strong></span> <span class='ocrx_word' id='word_1_185' title='bbox 713 2520 953 2579; x_wconf 83' lang='lat' dir='ltr'><strong>custodirentur!</strong></span> <span class='ocrx_word' id='word_1_186' title='bbox 978 2521 1057 2579; x_wconf 86' lang='lat' dir='ltr'><strong>fides</strong></span> <span class='ocrx_word' id='word_1_187' title='bbox 1072 2521 1175 2595; x_wconf 91' lang='lat' dir='ltr'><strong>potius</strong></span> <span class='ocrx_word' id='word_1_188' title='bbox 1190 2522 1240 2581; x_wconf 86' lang='lat' dir='ltr'><strong>illa</strong></span> 
     </span>
    </p>

    <p class='ocr_par' dir='ltr' id='par_1_7' title="bbox 238 2603 1240 2928">
     <span class='ocr_line' id='line_1_26' title="bbox 238 2603 1238 2680; baseline -0.004 -12"><span class='ocrx_word' id='word_1_189' title='bbox 238 2610 406 2668; x_wconf 74' lang='grc'><strong>1111111111</strong></span> <span class='ocrx_word' id='word_1_190' title='bbox 419 2612 449 2663; x_wconf 89' lang='grc'><strong>11</strong></span> <span class='ocrx_word' id='word_1_191' title='bbox 461 2620 593 2678; x_wconf 89' lang='lat' dir='ltr'><strong>aequum</strong></span> <span class='ocrx_word' id='word_1_192' title='bbox 607 2604 712 2664; x_wconf 91' lang='lat' dir='ltr'><strong>colens</strong></span> <span class='ocrx_word' id='word_1_193' title='bbox 728 2604 862 2663; x_wconf 88' lang='lat' dir='ltr'><strong>animust</strong></span> <span class='ocrx_word' id='word_1_194' title='bbox 895 2603 955 2663; x_wconf 86' lang='lat' dir='ltr'><strong>Sed</strong></span> <span class='ocrx_word' id='word_1_195' title='bbox 971 2605 1146 2662; x_wconf 89' lang='lat' dir='ltr'><strong>necessaria</strong></span> <span class='ocrx_word' id='word_1_196' title='bbox 1161 2605 1238 2680; x_wconf 90' lang='lat' dir='ltr'><strong>opti·</strong></span> 
     </span>
     <span class='ocr_line' id='line_1_27' title="bbox 268 2687 1238 2763; baseline -0.004 -17"><span class='ocrx_word' id='word_1_197' title='bbox 268 2687 326 2749; x_wconf 90' lang='lat' dir='ltr'><strong>mis</strong></span> <span class='ocrx_word' id='word_1_198' title='bbox 342 2690 547 2763; x_wconf 89' lang='lat' dir='ltr'><strong>praetulerunt</strong></span> <span class='ocrx_word' id='word_1_199' title='bbox 561 2694 590 2746; x_wconf 94' lang='lat' dir='ltr'><strong>et</strong></span> <span class='ocrx_word' id='word_1_200' title='bbox 604 2702 715 2761; x_wconf 81' lang='lat' dir='ltr'><strong>cogere</strong></span> <span class='ocrx_word' id='word_1_201' title='bbox 731 2688 821 2747; x_wconf 85' lang='lat' dir='ltr'><strong>iidem</strong></span> <span class='ocrx_word' id='word_1_202' title='bbox 839 2704 929 2761; x_wconf 90' lang='lat' dir='ltr'><strong>quam</strong></span> <span class='ocrx_word' id='word_1_203' title='bbox 948 2693 1088 2761; x_wconf 89' lang='lat' dir='ltr'><strong>spectare</strong></span> <span class='ocrx_word' id='word_1_204' title='bbox 1107 2687 1238 2748; x_wconf 83' lang='lat' dir='ltr'><strong>malunt=</strong></span> 
     </span>
     <span class='ocr_line' id='line_1_28' title="bbox 268 2769 1240 2845; baseline -0.001 -14"><span class='ocrx_word' id='word_1_205' title='bbox 268 2772 448 2831; x_wconf 89' lang='lat' dir='ltr'><strong>adhibentur</strong></span> <span class='ocrx_word' id='word_1_206' title='bbox 462 2770 500 2829; x_wconf 90' lang='lat' dir='ltr'><strong>ab</strong></span> <span class='ocrx_word' id='word_1_207' title='bbox 516 2780 645 2845; x_wconf 90' lang='lat' dir='ltr'><strong>utraque</strong></span> <span class='ocrx_word' id='word_1_208' title='bbox 662 2780 746 2845; x_wconf 89' lang='lat' dir='ltr'><strong>parte</strong></span> <span class='ocrx_word' id='word_1_209' title='bbox 762 2779 872 2830; x_wconf 80' lang='lat' dir='ltr'><strong>testes:</strong></span> <span class='ocrx_word' id='word_1_210' title='bbox 901 2770 950 2829; x_wconf 90' lang='lat' dir='ltr'><strong>ille</strong></span> <span class='ocrx_word' id='word_1_211' title='bbox 966 2786 1020 2845; x_wconf 89' lang='lat' dir='ltr'><strong>per</strong></span> <span class='ocrx_word' id='word_1_212' title='bbox 1034 2769 1152 2830; x_wconf 82' lang='lat' dir='ltr'><strong>tabulas</strong></span> <span class='ocrx_word' id='word_1_213' title='bbox 1169 2772 1240 2845; x_wconf 89' lang='lat' dir='ltr'><strong>plu-</strong></span> 
     </span>
     <span class='ocr_line' id='line_1_29' title="bbox 266 2850 1238 2928; baseline 0.002 -15"><span class='ocrx_word' id='word_1_214' title='bbox 266 2853 343 2913; x_wconf 91' lang='lat' dir='ltr'><strong>rium</strong></span> <span class='ocrx_word' id='word_1_215' title='bbox 359 2853 480 2911; x_wconf 81' lang='lat' dir='ltr'><strong>nourina</strong></span> <span class='ocrx_word' id='word_1_216' title='bbox 495 2854 681 2927; x_wconf 90' lang='lat' dir='ltr'><strong>interpositis</strong></span> <span class='ocrx_word' id='word_1_217' title='bbox 697 2854 825 2928; x_wconf 90' lang='lat' dir='ltr'><strong>parariis</strong></span> <span class='ocrx_word' id='word_1_218' title='bbox 841 2854 919 2915; x_wconf 85' lang='lat' dir='ltr'><strong>iacit</strong></span> <span class='ocrx_word' id='word_1_219' title='bbox 944 2854 995 2914; x_wconf 90' lang='lat' dir='ltr'><strong>ille</strong></span> <span class='ocrx_word' id='word_1_220' title='bbox 1009 2869 1070 2913; x_wconf 91' lang='lat' dir='ltr'><strong>non</strong></span> <span class='ocrx_word' id='word_1_221' title='bbox 1085 2859 1132 2912; x_wconf 88' lang='lat' dir='ltr'><strong>est</strong></span> <span class='ocrx_word' id='word_1_222' title='bbox 1147 2850 1238 2914; x_wconf 89' lang='lat' dir='ltr'><strong>inter·</strong></span> 
     </span>
    </p>

    <p class='ocr_par' dir='ltr' id='par_1_8' title="bbox 235 2935 1241 3597">
     <span class='ocr_line' id='line_1_30' title="bbox 235 2935 1239 3010; baseline 0 -15"><span class='ocrx_word' id='word_1_223' title='bbox 235 2937 424 3010; x_wconf 74' lang='lat' dir='ltr'><strong>erogatione</strong></span> <span class='ocrx_word' id='word_1_224' title='bbox 439 2944 615 3008; x_wconf 89' lang='lat' dir='ltr'><strong>contentus,</strong></span> <span class='ocrx_word' id='word_1_225' title='bbox 637 2937 695 2996; x_wconf 92' lang='lat' dir='ltr'><strong>nisi</strong></span> <span class='ocrx_word' id='word_1_226' title='bbox 709 2953 794 2996; x_wconf 91' lang='lat' dir='ltr'><strong>reum</strong></span> <span class='ocrx_word' id='word_1_227' title='bbox 814 2954 906 2998; x_wconf 89' lang='lat' dir='ltr'><strong>manu</strong></span> <span class='ocrx_word' id='word_1_228' title='bbox 927 2954 985 2998; x_wconf 92' lang='lat' dir='ltr'><strong>sua</strong></span> <span class='ocrx_word' id='word_1_229' title='bbox 1002 2936 1106 2996; x_wconf 90' lang='lat' dir='ltr'><strong>lenuit.</strong></span> <span class='ocrx_word' id='word_1_230' title='bbox 1138 2935 1162 2995; x_wconf 92' lang='lat'>0</span> <span class='ocrx_word' id='word_1_231' title='bbox 1179 2946 1239 2997; x_wconf 87' lang='lat' dir='ltr'><strong>tur·</strong></span> 
     </span>
     <span class='ocr_line' id='line_1_31' title="bbox 268 3019 1239 3097; baseline 0.001 -19"><span class='ocrx_word' id='word_1_232' title='bbox 268 3035 338 3096; x_wconf 91' lang='lat' dir='ltr'><strong>pem</strong></span> <span class='ocrx_word' id='word_1_233' title='bbox 363 3019 485 3079; x_wconf 90' lang='lat' dir='ltr'><strong>humani</strong></span> <span class='ocrx_word' id='word_1_234' title='bbox 509 3020 630 3094; x_wconf 85' lang='lat' dir='ltr'><strong>generis</strong></span> <span class='ocrx_word' id='word_1_235' title='bbox 655 3021 708 3097; x_wconf 92' lang='lat' dir='ltr'><strong>[et]</strong></span> <span class='ocrx_word' id='word_1_236' title='bbox 734 3022 850 3081; x_wconf 78' lang='lat' dir='ltr'><strong>fraudis</strong></span> <span class='ocrx_word' id='word_1_237' title='bbox 870 3038 907 3081; x_wconf 93' lang='lat' dir='ltr'><strong>ac</strong></span> <span class='ocrx_word' id='word_1_238' title='bbox 929 3020 1082 3096; x_wconf 87' lang='lat' dir='ltr'><strong>nequitiae</strong></span> <span class='ocrx_word' id='word_1_239' title='bbox 1098 3020 1239 3094; x_wconf 83' lang='lat' dir='ltr'><strong>publicae</strong></span> 
     </span>
     <span class='ocr_line' id='line_1_32' title="bbox 268 3102 1238 3179; baseline -0.002 -16"><span class='ocrx_word' id='word_1_240' title='bbox 268 3104 509 3163; x_wconf 78' lang='lat' dir='ltr'><strong>confessionem!</strong></span> <span class='ocrx_word' id='word_1_241' title='bbox 539 3102 637 3163; x_wconf 91' lang='lat' dir='ltr'><strong>anulis</strong></span> <span class='ocrx_word' id='word_1_242' title='bbox 653 3104 766 3164; x_wconf 87' lang='lat' dir='ltr'><strong>nostris</strong></span> <span class='ocrx_word' id='word_1_243' title='bbox 781 3106 850 3178; x_wconf 92' lang='lat' dir='ltr'><strong>plus</strong></span> <span class='ocrx_word' id='word_1_244' title='bbox 866 3122 956 3179; x_wconf 88' lang='lat' dir='ltr'><strong>quam</strong></span> <span class='ocrx_word' id='word_1_245' title='bbox 971 3105 1079 3165; x_wconf 88' lang='lat' dir='ltr'><strong>animis</strong></span> <span class='ocrx_word' id='word_1_246' title='bbox 1094 3103 1238 3163; x_wconf 87' lang='lat' dir='ltr'><strong>creditur.</strong></span> 
     </span>
     <span class='ocr_line' id='line_1_33' title="bbox 266 3185 1241 3263; baseline -0.001 -17"><span class='ocrx_word' id='word_1_247' title='bbox 266 3187 300 3246; x_wconf 92' lang='lat' dir='ltr'><strong>In</strong></span> <span class='ocrx_word' id='word_1_248' title='bbox 316 3187 388 3263; x_wconf 91' lang='lat' dir='ltr'><strong>quid</strong></span> <span class='ocrx_word' id='word_1_249' title='bbox 411 3185 460 3247; x_wconf 93' lang='lat' dir='ltr'><strong>isti</strong></span> <span class='ocrx_word' id='word_1_250' title='bbox 481 3186 538 3247; x_wconf 93' lang='lat' dir='ltr'><strong>viri</strong></span> <span class='ocrx_word' id='word_1_251' title='bbox 559 3188 656 3249; x_wconf 91' lang='lat' dir='ltr'><strong>ornati</strong></span> <span class='ocrx_word' id='word_1_252' title='bbox 677 3188 803 3247; x_wconf 84' lang='lat' dir='ltr'><strong>adhibiti</strong></span> <span class='ocrx_word' id='word_1_253' title='bbox 824 3196 914 3248; x_wconf 83' lang='lat' dir='ltr'><strong>sunt‘t</strong></span> <span class='ocrx_word' id='word_1_254' title='bbox 939 3187 968 3247; x_wconf 93' lang='lat' dir='ltr'><strong>in</strong></span> <span class='ocrx_word' id='word_1_255' title='bbox 985 3188 1059 3261; x_wconf 92' lang='lat' dir='ltr'><strong>quid</strong></span> <span class='ocrx_word' id='word_1_256' title='bbox 1073 3185 1241 3262; x_wconf 83' lang='lat' dir='ltr'><strong>inprimunt</strong></span> 
     </span>
     <span class='ocr_line' id='line_1_34' title="bbox 267 3270 1238 3347; baseline -0.004 -15"><span class='ocrx_word' id='word_1_257' title='bbox 267 3272 376 3347; x_wconf 78' lang='lat' dir='ltr'><strong>signat</strong></span> <span class='ocrx_word' id='word_1_258' title='bbox 403 3287 513 3347; x_wconf 91' lang='lat' dir='ltr'><strong>nempe</strong></span> <span class='ocrx_word' id='word_1_259' title='bbox 535 3288 573 3332; x_wconf 91' lang='lat' dir='ltr'><strong>ne</strong></span> <span class='ocrx_word' id='word_1_260' title='bbox 593 3272 643 3331; x_wconf 91' lang='lat' dir='ltr'><strong>ille</strong></span> <span class='ocrx_word' id='word_1_261' title='bbox 665 3279 756 3347; x_wconf 84' lang='lat' dir='ltr'><strong>neget</strong></span> <span class='ocrx_word' id='word_1_262' title='bbox 775 3272 935 3346; x_wconf 90' lang='lat' dir='ltr'><strong>accepisse</strong></span> <span class='ocrx_word' id='word_1_263' title='bbox 959 3288 993 3333; x_wconf 90' lang='lat' dir='ltr'><strong>se</strong></span> <span class='ocrx_word' id='word_1_264' title='bbox 1009 3271 1093 3347; x_wconf 90' lang='lat' dir='ltr'><strong>quod</strong></span> <span class='ocrx_word' id='word_1_265' title='bbox 1108 3270 1238 3344; x_wconf 89' lang='lat' dir='ltr'><strong>accepit.</strong></span> 
     </span>
     <span class='ocr_line' id='line_1_35' title="bbox 266 3352 1240 3429; baseline -0.003 -15"><span class='ocrx_word' id='word_1_266' title='bbox 266 3352 331 3415; x_wconf 90' lang='lat' dir='ltr'><strong>Hos</strong></span> <span class='ocrx_word' id='word_1_267' title='bbox 346 3354 541 3429; x_wconf 87' lang='lat' dir='ltr'><strong>incorruptos</strong></span> <span class='ocrx_word' id='word_1_268' title='bbox 556 3357 639 3416; x_wconf 86' lang='lat' dir='ltr'><strong>viros</strong></span> <span class='ocrx_word' id='word_1_269' title='bbox 654 3365 684 3418; x_wconf 92' lang='lat' dir='ltr'><strong>et</strong></span> <span class='ocrx_word' id='word_1_270' title='bbox 698 3356 836 3415; x_wconf 91' lang='lat' dir='ltr'><strong>vindices</strong></span> <span class='ocrx_word' id='word_1_271' title='bbox 851 3356 987 3415; x_wconf 89' lang='lat' dir='ltr'><strong>veritatis</strong></span> <span class='ocrx_word' id='word_1_272' title='bbox 1003 3354 1184 3415; x_wconf 68' lang='lat' dir='ltr'><strong>existimas?</strong></span> <span class='ocrx_word' id='word_1_273' title='bbox 1209 3358 1240 3411; x_wconf 89' lang='lat' dir='ltr'><strong>at</strong></span> 
     </span>
     <span class='ocr_line' id='line_1_36' title="bbox 265 3436 1240 3514; baseline -0.001 -18"><span class='ocrx_word' id='word_1_274' title='bbox 265 3436 314 3498; x_wconf 90' lang='lat' dir='ltr'><strong>his</strong></span> <span class='ocrx_word' id='word_1_275' title='bbox 335 3440 412 3514; x_wconf 90' lang='lat' dir='ltr'><strong>ipsis</strong></span> <span class='ocrx_word' id='word_1_276' title='bbox 434 3454 495 3496; x_wconf 92' lang='lat' dir='ltr'><strong>non</strong></span> <span class='ocrx_word' id='word_1_277' title='bbox 516 3440 602 3498; x_wconf 91' lang='lat' dir='ltr'><strong>aliter</strong></span> <span class='ocrx_word' id='word_1_278' title='bbox 621 3443 721 3499; x_wconf 89' lang='lat' dir='ltr'><strong>statim</strong></span> <span class='ocrx_word' id='word_1_279' title='bbox 748 3436 896 3512; x_wconf 88' lang='lat' dir='ltr'><strong>pecuniae</strong></span> <span class='ocrx_word' id='word_1_280' title='bbox 922 3439 1152 3499; x_wconf 78' lang='lat' dir='ltr'><strong>committantur.</strong></span> <span class='ocrx_word' id='word_1_281' title='bbox 1194 3437 1240 3496; x_wconf 79' lang='lat' dir='ltr'><strong>ltu</strong></span> 
     </span>
     <span class='ocr_line' id='line_1_37' title="bbox 267 3519 1238 3597; baseline -0.003 -16"><span class='ocrx_word' id='word_1_282' title='bbox 267 3539 328 3582; x_wconf 93' lang='lat' dir='ltr'><strong>non</strong></span> <span class='ocrx_word' id='word_1_283' title='bbox 345 3522 503 3582; x_wconf 92' lang='lat' dir='ltr'><strong>honestius</strong></span> <span class='ocrx_word' id='word_1_284' title='bbox 517 3530 584 3582; x_wconf 88' lang='lat' dir='ltr'><strong>erat</strong></span> <span class='ocrx_word' id='word_1_285' title='bbox 597 3538 616 3580; x_wconf 92' lang='lat' dir='ltr'><strong>a</strong></span> <span class='ocrx_word' id='word_1_286' title='bbox 631 3523 812 3597; x_wconf 86' lang='lat' dir='ltr'><strong>quibusdam</strong></span> <span class='ocrx_word' id='word_1_287' title='bbox 829 3522 920 3581; x_wconf 86' lang='lat' dir='ltr'><strong>fidem</strong></span> <span class='ocrx_word' id='word_1_288' title='bbox 935 3523 997 3582; x_wconf 84' lang='lat' dir='ltr'><strong>falli</strong></span> <span class='ocrx_word' id='word_1_289' title='bbox 1014 3538 1103 3597; x_wconf 91' lang='lat' dir='ltr'><strong>quam</strong></span> <span class='ocrx_word' id='word_1_290' title='bbox 1119 3519 1157 3579; x_wconf 90' lang='lat' dir='ltr'><strong>ub</strong></span> <span class='ocrx_word' id='word_1_291' title='bbox 1174 3535 1238 3578; x_wconf 92' lang='lat' dir='ltr'><strong>om·</strong></span> 
     </span>
    </p>

    <p class='ocr_par' dir='ltr' id='par_1_9' title="bbox 233 3603 1239 3764">
     <span class='ocr_line' id='line_1_38' title="bbox 233 3603 1239 3680; baseline -0.006 -13"><span class='ocrx_word' id='word_1_292' title='bbox 233 3603 356 3667; x_wconf 67' lang='lat' dir='ltr'><strong>auibus</strong></span> <span class='ocrx_word' id='word_1_293' title='bbox 372 3605 528 3680; x_wconf 87' lang='lat' dir='ltr'><strong>perfidiam</strong></span> <span class='ocrx_word' id='word_1_294' title='bbox 544 3605 661 3664; x_wconf 76' lang='lat' dir='ltr'><strong>timeri?</strong></span> <span class='ocrx_word' id='word_1_295' title='bbox 679 3606 746 3665; x_wconf 89' lang='lat' dir='ltr'><strong>Hoc</strong></span> <span class='ocrx_word' id='word_1_296' title='bbox 759 3621 852 3665; x_wconf 90' lang='lat' dir='ltr'><strong>uuum</strong></span> <span class='ocrx_word' id='word_1_297' title='bbox 865 3605 953 3665; x_wconf 89' lang='lat' dir='ltr'><strong>deest</strong></span> <span class='ocrx_word' id='word_1_298' title='bbox 966 3603 1126 3675; x_wconf 86' lang='lat' dir='ltr'><strong>avaritiae,</strong></span> <span class='ocrx_word' id='word_1_299' title='bbox 1144 3603 1239 3662; x_wconf 92' lang='lat' dir='ltr'><strong>utbe·</strong></span> 
     </span>
     <span class='ocr_line' id='line_1_39' title="bbox 266 3685 1238 3764; baseline 0 -18"><span class='ocrx_word' id='word_1_300' title='bbox 266 3685 377 3748; x_wconf 88' lang='lat' dir='ltr'><strong>aeficia</strong></span> <span class='ocrx_word' id='word_1_301' title='bbox 391 3689 458 3749; x_wconf 89' lang='lat' dir='ltr'><strong>sine</strong></span> <span class='ocrx_word' id='word_1_302' title='bbox 472 3703 625 3764; x_wconf 90' lang='lat' dir='ltr'><strong>sponsore</strong></span> <span class='ocrx_word' id='word_1_303' title='bbox 640 3705 700 3748; x_wconf 91' lang='lat' dir='ltr'><strong>non</strong></span> <span class='ocrx_word' id='word_1_304' title='bbox 723 3688 840 3749; x_wconf 89' lang='lat' dir='ltr'><strong>demus.</strong></span> <span class='ocrx_word' id='word_1_305' title='bbox 874 3688 1023 3749; x_wconf 88' lang='lat' dir='ltr'><strong>Generosi</strong></span> <span class='ocrx_word' id='word_1_306' title='bbox 1037 3686 1130 3748; x_wconf 88' lang='lat' dir='ltr'><strong>animi</strong></span> <span class='ocrx_word' id='word_1_307' title='bbox 1146 3693 1238 3748; x_wconf 91' lang='lat' dir='ltr'><strong>estet</strong></span> 
     </span>
    </p>
   </div>
   <div class='ocr_carea' id='block_1_3' title="bbox 0 0 1476 4384">
    <p class='ocr_par' dir='ltr' id='par_1_10' title="bbox 0 0 1476 4384">
     <span class='ocr_line' id='line_1_40' title="bbox 0 0 1476 4384; baseline 0 0"><span class='ocrx_word' id='word_1_308' title='bbox 0 0 1476 4384; x_wconf 95' lang='lat' dir='ltr'><strong> </strong></span> 
     </span>
    </p>
   </div>
  </div>
 </body>
</html>
