2942 4384
294 281 509 518 efficacit.
526 438 688 514 ouansr.
710 440 781 501 nra.
797 442 848 501 lv.
869 442 1005 503 ratur.
1038 461 1040 465 ·
1106 442 1168 507 241

194 569 554 668 exampldi‘bonponcre.
577 593 650 653 Cum
666 592 734 668 quis
750 592 789 651 ad
800 599 830 652 te
844 594 983 653 adulator
994 594 1167 668 accesserit,

194 676 304 737 dicito=
335 677 408 750 „vis
424 683 456 736 tu
476 678 534 736 ista
552 677 661 747 verba,
686 692 764 750 quae
785 677 842 734 iam
865 678 903 736 ab
919 679 977 736 alio
992 679 1169 750 magistratu

195 761 235 821 ad
253 761 345 820 aliurn
360 776 428 819 curn
443 758 600 819 lictoribus
615 767 788 831 transeunt,
804 760 883 817 serre
898 761 938 818 ad
952 761 1099 835 aliquem,
1116 762 1168 835 qui

194 844 282 919 paria
297 844 431 903 facturus
446 844 510 903 vult
525 843 671 918 quicquid
688 842 802 901 dixeris
818 844 945 902 audiret
970 860 1027 918 ego
1043 859 1101 902 nec
1115 844 1168 902 de-

196 928 300 1002 cipere
317 928 389 986 volo
403 941 460 985 nec
475 924 575 1000 decipi
591 941 727 999 possum.
755 926 871 984 laudari
887 942 934 984 me
949 944 968 985 a
983 926 1087 999 vobis,
1109 926 1168 986 nisi

195 1010 360 1069 laudaretis
377 1007 466 1067 etiam
481 1011 595 1082 malos,
609 1010 749 1067 vellem.“
770 1009 846 1081 Quid
860 1017 960 1069 autem
975 1026 1105 1069 necesse
1121 1016 1169 1069 est

195 1094 226 1152 in
245 1091 306 1151 hoc
330 1093 532 1165 descendere,
553 1100 587 1153 ut
607 1100 636 1152 te
658 1099 763 1166 petere
779 1092 918 1152 cominus
939 1095 1080 1168 possint?
1101 1095 1167 1153 lon-

195 1192 265 1251 gum
280 1174 429 1235 intervos
444 1174 633 1236 intervallum
647 1176 693 1233 sil.
716 1176 788 1234 Cum
804 1177 935 1250 cupieris
950 1178 1028 1235 bene
1042 1176 1167 1250 laudari,
1176 1189 1210 1243 14

196 1274 292 1335 quare
310 1259 371 1318 hoc
385 1259 438 1320 ulli
456 1258 591 1318 debeas?
612 1259 678 1332 ipse
700 1265 729 1317 te
743 1259 843 1317 lauda.
867 1260 930 1317 dic:
952 1260 1165 1332 „Liberalibus

195 1360 243 1403 me
258 1341 368 1403 studiis
384 1342 502 1402 tradidi.
526 1358 708 1415 quamquam
724 1349 890 1415 paupertas
905 1342 964 1400 alia
980 1344 1122 1402 suaderet
1137 1350 1167 1403 et

194 1425 349 1501 ingenium
364 1443 397 1486 co
411 1427 550 1497 duceret,
565 1426 616 1485 ubi
633 1440 781 1498 praesens
797 1424 888 1483 studii
902 1424 1028 1498 pretium
1047 1434 1108 1498 est,
1126 1426 1166 1485 ad

195 1510 325 1584 gratuita
342 1511 475 1568 carmina
496 1524 543 1566 me
562 1505 675 1567 deflexi
696 1516 725 1566 et
745 1509 786 1566 ad
807 1510 938 1567 salutare
952 1509 1084 1568 studium
1100 1510 1165 1582 phi-

194 1592 359 1666 losophiae
386 1608 434 1651 me
459 1592 581 1651 contuli.
615 1590 741 1651 Ostendi
769 1592 798 1650 in
815 1607 903 1650 omne
925 1600 1032 1665 peetus
1056 1592 1207 1655 caderela

194 1677 336 1737 virtutem
358 1682 389 1734 et
410 1677 557 1735 eluctatus
577 1676 721 1733 natalium
744 1676 900 1748 angustias
925 1693 984 1736 non
1009 1684 1092 1736 sorte
1109 1692 1166 1749 me,

195 1760 252 1819 sed
276 1759 377 1819 animo
393 1774 516 1818 mensus
533 1774 587 1832 par
601 1758 742 1817 maximis
758 1760 837 1817 steti.
871 1760 938 1817 Non
960 1760 1031 1818 mihi
1046 1760 1075 1818 in
1095 1761 1166 1819 ami-

194 1843 266 1902 citia
282 1842 408 1901 Getuliei
423 1842 471 1901 vel
487 1843 576 1901 Caius
592 1842 681 1900 lidenr
695 1840 819 1916 eripuit,
838 1859 899 1902 non
915 1844 945 1902 in
956 1845 1082 1903 aliorum
1099 1860 1166 1917 per-

194 1941 275 1986 sona
303 1926 462 1985 infeliciter
487 1932 653 1985 amatorum
678 1924 813 1984 Messala
838 1932 868 1984 et
892 1925 1073 1999 Narcissus,
1114 1926 1167 1985 diu

194 2008 310 2086 publici
326 2008 432 2069 hostes
446 2018 608 2084 antequam
626 2007 686 2077 sui,
710 2009 900 2085 propositum
915 2025 1014 2068 meum
1029 2017 1166 2069 avertere

193 2098 374 2167 potuerunt:
396 2094 545 2151 cervicem
567 2108 622 2166 pro
643 2092 704 2149 lide
726 2093 869 2166 opposui.
901 2093 1015 2151 nullum
1038 2092 1166 2150 verbum

193 2175 281 2246 mihi,
304 2176 387 2249 quod
408 2191 469 2235 non
491 2176 577 2235 salva
592 2176 674 2235 bona
695 2176 882 2233 conscientia
897 2176 1091 2249 procederet,
1113 2191 1165 2233 ex-

194 2274 322 2320 cussum
333 2264 389 2317 est.
412 2275 469 2334 pro
481 2260 585 2317 amicis
600 2256 699 2317 omnia
712 2258 810 2328 timui,
824 2274 879 2332 pro
892 2274 940 2317 me
951 2258 1038 2331 nihil,
1057 2258 1114 2317 nisi
1127 2274 1166 2316 nc

195 2357 304 2416 parum
315 2340 414 2401 bonus
426 2342 540 2401 amicus
553 2342 688 2418 luissem.
710 2341 776 2400 Non
789 2342 859 2399 mibi
872 2343 1034 2402 muliebres
1050 2340 1207 2402 fluxerelfi

193 2424 351 2497 lacrimae,
377 2442 438 2484 non
456 2441 473 2484 e
490 2426 629 2486 manibus
648 2424 737 2483 ullius
760 2427 892 2498 supplex
918 2426 1061 2500 pependi.
1092 2424 1165 2484 nihil
1217 2457 1220 2466 ·

193 2508 374 2567 indecorum
387 2524 444 2568 nec
458 2509 540 2569 bono
556 2524 613 2567 nec
629 2509 693 2566 viro
715 2507 782 2566 leci.
809 2510 953 2582 periculis
968 2510 1044 2567 meis
1059 2509 1163 2578 maior,

194 2598 319 2667 paratus
334 2590 378 2651 ire
395 2592 423 2649 in
439 2608 494 2663 ea,
513 2608 591 2666 quae
606 2591 810 2662 minabantur,
828 2592 940 2663 gratias
955 2593 1003 2663 egi
1015 2592 1163 2660 fortunae,

194 2674 278 2751 quod
300 2676 431 2749 experiri
448 2676 609 2746 voluisset,
629 2674 731 2749 quanti
753 2674 942 2733 aestimarem
965 2674 1065 2732 tidem.
1096 2674 1163 2731 Non

194 2757 327 2819 debebat
338 2759 407 2816 mihi
423 2774 516 2832 parvo
529 2775 578 2818 res
592 2766 672 2818 lanta
685 2765 839 2829 constare,
855 2772 912 2815 nec
923 2756 1105 2815 examinavit
1116 2771 1164 2814 me

195 2840 319 2915 quidem
335 2842 401 2901 diu:
422 2843 616 2916 nequeenim
633 2840 717 2915 paria
734 2840 921 2914 pendebant,
946 2848 1046 2904 utrum
1066 2840 1163 2899 satius

195 2931 281 2984 esset
299 2940 348 2983 me
371 2925 470 2998 perire
494 2941 549 3000 pro
567 2925 628 2983 lide
643 2940 680 2983 an
696 2924 788 2983 iidem
803 2941 859 2999 pro
876 2941 933 2983 me.
965 2924 1030 2983 Non
1049 2923 1206 2999 praeci-17

194 3006 248 3082 pili
263 3008 367 3081 inpetu
381 3009 411 3066 in
424 3009 561 3068 ultimum
576 3007 750 3081 consilium,
767 3024 828 3082 quo
844 3024 892 3067 me
908 3004 1057 3082 eriperem
1072 3008 1164 3068 furori

194 3091 377 3164 potentium,
403 3091 480 3151 misi.
512 3091 652 3170 videbam
674 3091 756 3163 apud
772 3091 872 3149 Caium
894 3098 1056 3162 tormenta,
1078 3090 1164 3148 vide-

193 3175 265 3233 bam
279 3172 376 3247 ignes.
408 3172 541 3234 sciebam
557 3175 626 3233 olim
647 3174 704 3232 sub
720 3173 771 3231 illo
787 3173 815 3229 in
833 3187 901 3230 eum
917 3178 1026 3230 statum
1038 3186 1092 3230 res
1109 3170 1164 3230 hu-

194 3272 302 3316 manas
324 3256 494 3329 decidisse,
520 3265 553 3316 ut
569 3259 645 3316 inter
663 3270 757 3327 opera
772 3252 1002 3312 misericordiae
1015 3253 1164 3311 baberen-

194 3349 243 3400 tur
264 3338 375 3400 occisi:
411 3357 472 3400 non
492 3348 592 3400 tamen
608 3340 687 3398 terro
703 3336 826 3396 incubui
841 3334 942 3394 necin
959 3350 1042 3394 mare
1057 3343 1163 3408 aperto

195 3440 249 3484 ore
275 3422 399 3497 desilui,
426 3439 465 3482 ne
492 3424 612 3483 viderer
637 3438 692 3496 pro
717 3421 778 3480 fide
802 3425 916 3481 tantum
937 3419 1012 3478 mori
1037 3422 1164 3491 posse.“

193 3507 292 3566 Adice
307 3522 388 3565 nunc
404 3507 549 3567 invictum
564 3505 737 3566 muneribus
751 3504 883 3563 animum
898 3510 927 3561 et
948 3502 977 3561 in
993 3507 1162 3562 tanto-ava·
1172 3507 1205 3561 18

193 3589 281 3649 ritiae
293 3590 454 3649 certamine
466 3606 630 3665 numquam
639 3587 829 3662 suppositam
839 3603 959 3646 manum
969 3588 1063 3644 lucro.
1076 3584 1164 3644 adice

193 3690 275 3733 nunc
292 3689 416 3748 quoque
430 3675 529 3734 victus
546 3672 778 3749 parsimoniam,
800 3669 949 3731 sermonis
971 3667 1161 3742 modestiam,

238 3777 341 3818 arnaco
354 3777 423 3816 ran.
442 3761 472 3815 ll.
970 3760 1004 3815 16
