2942 4384
321 478 384 541 294
507 432 512 436 ¹
605 475 639 538 t.
662 474 809 535 anunm
831 472 1005 535 sunnam

323 629 463 689 aedilicia
496 626 615 702 angulis
645 625 776 687 vidimus
804 625 919 685 moveri
946 625 1117 699 iterumque
1152 628 1295 701 conponi.

324 713 474 788 quaedam
491 727 563 771 vcro
580 727 685 785 parum
700 717 803 784 aptata
819 710 919 783 positu
935 726 992 769 suo
1008 718 1037 768 et
1051 726 1069 768 a
1084 707 1180 768 labris
1195 712 1296 783 negle⁴

324 796 444 869 gentius
466 794 659 868 solutiusque
678 791 841 866 conposita
860 800 958 852 terrac
979 802 1078 852 motus
1097 793 1224 865 saepius
1236 794 1296 865 agi-

297 887 385 939 atala
405 878 556 950 conpegit.
594 877 681 950 Quod
704 876 729 935 si
752 882 832 935 totos
856 876 986 949 parieles
1001 884 1030 933 et
1048 883 1125 935 totas
1141 876 1229 936 findit
1243 876 1296 933 do-

325 977 391 1021 mos
407 969 437 1020 et
452 963 545 1019 latera
559 975 734 1033 magnarum
749 960 887 1028 turrium,
904 973 966 1032 qua
978 960 1076 1017 solida
1089 967 1172 1030 sunt,
1187 959 1298 1016 scindit

326 1053 355 1104 et
376 1045 452 1118 pilas
474 1043 620 1118 operibus
635 1041 773 1101 subditas
788 1042 931 1115 dissipata
953 1043 1024 1114 quid
1041 1048 1088 1101 est
1103 1056 1198 1113 quare
1214 1041 1297 1115 quis-

326 1144 415 1202 quam
439 1127 561 1199 dignum
583 1126 719 1185 adnotari
742 1130 841 1199 putet,
864 1132 977 1183 sectam
993 1140 1064 1184 esse
1079 1125 1247 1197 aequaliter
1260 1125 1297 1182 ab

326 1212 385 1269 imo
401 1211 440 1268 ad
454 1217 544 1284 caput
558 1210 588 1269 in
605 1217 706 1283 partes
723 1208 800 1267 duas
815 1213 964 1266 statuam?

299 1305 311 1354 l
387 1294 490 1352 XXXI.
520 1293 641 1365 Quare
668 1299 789 1350 tamen
818 1307 883 1363 per
911 1292 1039 1363 plures
1060 1288 1146 1349 dies
1173 1297 1298 1349 motus

326 1376 423 1436 luit?
450 1394 511 1435 non
534 1374 624 1434 desiit
643 1375 721 1434 enirn
744 1374 873 1433 adsidue
893 1381 1021 1432 tremere
1036 1372 1216 1446 Campania,
1240 1373 1297 1431 cle-

327 1460 456 1519 mentius
479 1460 616 1533 quidem,
643 1458 699 1517 sed
719 1457 833 1529 ingenti
854 1457 980 1527 damno,
1001 1456 1074 1528 quia
1094 1456 1211 1529 quassa
1226 1472 1298 1530 qua-

327 1544 433 1614 tiebat,
457 1543 567 1617 quibus
588 1542 627 1600 ad
649 1542 820 1600 cadendum
842 1542 920 1598 male
935 1538 1083 1599 stantibus
1098 1555 1159 1598 non
1175 1547 1242 1598 erat
1255 1540 1298 1597 in-

328 1627 414 1700 pelli,
438 1627 494 1685 sed
509 1624 631 1698 agitari:
652 1624 788 1683 nondum
806 1622 947 1682 videlicet
961 1621 1086 1695 spiritns
1102 1623 1203 1681 omnis
1218 1623 1313 1681 exie--

327 1716 386 1779 rat,
408 1709 463 1767 sed
481 1708 580 1766 adhuc
595 1706 709 1766 emissa
723 1707 769 1765 sul
787 1712 871 1780 parte
886 1705 1000 1765 maiore
1015 1705 1185 1765 oberrabat.
1222 1705 1300 1764 luter

327 1798 516 1864 argumenta,
544 1788 653 1863 quibus
675 1789 821 1863 probatur
844 1789 952 1862 spiritu
976 1789 1034 1847 ista
1059 1788 1141 1861 fieri,
1168 1805 1231 1848 non
1255 1796 1300 1847 est

299 1873 412 1948 equod
427 1874 548 1933 dubites
563 1880 593 1932 et
606 1872 664 1932 boc
676 1888 799 1947 ponere.
831 1872 903 1931 Cum
916 1872 1065 1930 maximus
1078 1872 1176 1931 editus
1191 1880 1300 1931 tremor

329 1966 389 2027 est,
419 1974 479 2031 quo
501 1957 531 2016 ln
551 1956 644 2015 urbes
668 1963 828 2029 terrasque
853 1956 1001 2013 saevitum
1022 1962 1083 2025 est,
1112 1971 1174 2014 non
1201 1961 1300 2029 potest

330 2057 386 2114 par
405 2040 445 2098 illi
468 2037 615 2112 subsequi
636 2038 728 2110 aliua,
754 2039 808 2097 sed
833 2045 905 2111 post
921 2038 1084 2096 maximum
1099 2039 1186 2097 lenes
1202 2046 1314 2097 motus·

329 2131 414 2195 sunt,
443 2123 515 2196 quia
540 2122 598 2180 iarn
626 2120 829 2181 vehementior
855 2122 969 2181 exitum
993 2121 1091 2181 ventis
1117 2122 1298 2180 luctantibus

331 2206 409 2265 lecit.
437 2204 585 2278 reliquiae
600 2205 711 2265 deinde
728 2203 844 2263 residui
858 2206 982 2278 spiritus
998 2220 1058 2263 non
1075 2204 1153 2263 idem
1170 2212 1299 2277 possunt

329 2304 385 2346 nec
408 2304 510 2361 pugna
530 2288 588 2347 illis
609 2304 687 2362 opus
706 2294 767 2358 est,
795 2303 863 2345 curn
886 2288 944 2358 iarn
964 2287 1043 2345 viam
1065 2288 1236 2346 invenerint
1252 2302 1297 2345 se-

329 2380 522 2444 quanturque
537 2385 589 2443 ea,
612 2388 671 2445 qua
690 2363 784 2443 prima
800 2370 845 2429 vis
860 2386 896 2429 ac
910 2369 1042 2429 maxima
1057 2371 1163 2429 evasit.

301 2467 317 2518 3
389 2453 804 2527 Hocquoquedignum
825 2454 1007 2513 memoria
1027 2453 1158 2512 iudico
1181 2454 1219 2512 ab
1233 2469 1297 2511 eru-

329 2537 478 2596 ditissimo
499 2543 529 2595 et
547 2536 728 2610 gravissimo
751 2535 815 2594 viro
832 2536 1000 2609 cognitumr
1022 2537 1099 2595 forte
1115 2537 1209 2606 enim,
1233 2551 1298 2595 cum

329 2618 388 2679 boc
412 2620 526 2692 evenit,
555 2619 721 2679 lavabatur.
751 2618 865 2677 vidisse
889 2636 923 2678 se
944 2619 1083 2679 adfirmat
1104 2621 1139 2677 in
1162 2620 1297 2678 balneo

327 2705 534 2774 tessellas,
551 2703 690 2776 quibus
706 2705 828 2762 solum
844 2708 1116 2771 eratstratum‚
1139 2704 1297 2767 alteram

329 2784 1298 2860 abalteraseparariiterumquecommittielaquam

279 2879 287 2890 ‘
329 2869 420 2927 modo
436 2868 530 2941 recipi
546 2867 574 2926 in
592 2867 809 2927 commissuras
826 2869 997 2941 pavimento
1012 2868 1193 2945 recedente,
1208 2868 1297 2927 modo

329 2966 498 3023 conpresso
521 2951 646 3009 ebullire
667 2958 697 3009 et
716 2952 797 3011 elidi.
836 2952 982 3010 Eumdem
1004 2949 1107 3009 audivi
1129 2959 1298 3010 narrantem

329 3034 445 3092 vidisse
470 3048 505 3092 se
537 3034 719 3092 materias
755 3034 910 3094 mollius
939 3032 1197 3108 crebriusque
1226 3041 1298 3092 tre-

328 3132 429 3175 mere
449 3132 556 3189 quam
580 3124 719 3176 natura
742 3117 826 3176 duri
848 3116 950 3176 sinit.

298 3213 312 3263 1
390 3199 506 3257 XXXII.
537 3200 652 3272 Haec,
682 3200 776 3259 Lucili
801 3201 933 3259 virorum
959 3198 1088 3274 optime,
1122 3207 1299 3273 quantum

328 3283 372 3341 ad
402 3297 544 3341 causas
571 3283 695 3357 ipsas:
723 3284 792 3341 illa
820 3299 932 3354 nunc,
961 3300 1058 3357 quae
1085 3283 1132 3341 ad
1156 3283 1299 3343 contir-

328 3365 531 3425 mationem
553 3366 764 3425 animorum
788 3368 998 3440 pertinent,
1027 3382 1107 3441 quos
1132 3368 1231 3440 magis
1255 3381 1301 3424 re·

329 3449 386 3506 lert
398 3455 502 3506 nostra
516 3449 657 3508 tortiores
669 3449 732 3507 fieri
746 3466 835 3523 quarn
849 3450 1013 3510 doctiores.
1029 3450 1085 3508 sed
1096 3450 1224 3508 alterum
1236 3450 1301 3507 sine

328 3533 422 3590 altero
440 3548 499 3590 non
517 3532 558 3589 stt.
583 3547 641 3591 non
658 3532 737 3591 enim
752 3534 875 3591 aliunde
888 3533 971 3591 venit
985 3533 1085 3591 animo
1100 3532 1196 3592 robur
1211 3548 1301 3606 quam

296 3613 448 3672 babonis
470 3615 600 3688 artibus,
622 3612 711 3688 qbam
727 3632 745 3675 a
761 3615 1015 3689 contemplatione
1032 3623 1169 3675 naturae.
1207 3615 1302 3688 Quem

324 3696 405 3756 eninr
437 3713 498 3761 non
530 3698 579 3760 bic
606 3698 675 3773 ipse
701 3714 792 3759 casus
817 3699 968 3760 adversus
995 3713 1101 3761 omnes
1126 3698 1302 3771 firinaverlt,
