2942 4384
246 456 250 470 ⁸
323 463 385 528 190
605 460 639 520 L.
660 459 807 520 ANNAEI
829 458 1005 520 SENECAE

318 617 354 688 tit
371 614 406 675 ob
426 607 691 672 dissimilitudinem
709 610 838 669 nubium
859 606 976 682 quare?
996 611 1076 669 uliae
1089 612 1236 672 maiorem
1250 615 1295 695 si-

320 714 390 756 num
403 697 523 768 dolent,
540 697 618 754 olioe
631 697 782 752 minorem.
810 698 937 752 ceternm
951 694 1005 751 illu
1018 695 1061 751 uis
1074 698 1217 767 expressi
1229 698 1294 770 spi-

320 784 395 839 ritus
414 782 491 852 ipnis
511 782 566 847 est,
588 780 640 850 qni
653 776 866 848 sulpnrutionis
880 791 983 834 nomen
997 776 1097 846 hobel,
1121 780 1181 836 levi
1194 780 1295 853 impetn

321 879 462 923 aecensus
481 868 510 919 ct
528 875 632 917 nonus.
667 860 742 917 Ante
769 865 865 916 numm
886 859 1016 916 uidemus
1032 858 1187 931 fuloorem
1207 876 1293 933 quom

320 961 422 1005 sonum
436 944 606 1012 audiamus,
622 944 692 1013 quio
705 944 855 1001 oenlmmm
869 943 994 999 velocior
1006 957 1109 1001 sennis
1122 948 1167 1001 est
1178 949 1209 1003 ct
1220 946 1293 1003 mul·

321 1034 381 1087 tum
396 1042 484 1084 oteres
499 1026 653 1083 antecedit.

294 1125 308 1176 1
382 1107 459 1166 Xlll.
482 1107 602 1166 Falsum
627 1104 802 1180 opinionem
826 1119 898 1164 esse
923 1120 1043 1177 eorum,
1068 1104 1122 1179 qui
1142 1108 1244 1179 ignem
1262 1107 1290 1165 in

322 1190 453 1250 nubibus
479 1195 617 1259 servant,
639 1204 694 1263 per
714 1188 808 1246 multa
828 1187 928 1260 colligi
949 1195 1058 1260 potest
1090 1188 1122 1247 Si
1145 1190 1185 1247 dc
1206 1192 1290 1249 coelo

323 1274 417 1345 cadit,
440 1272 594 1345 quomodo
617 1288 676 1330 non
693 1271 804 1344 cotidie
819 1270 866 1342 lit,
888 1286 955 1327 cum
969 1271 1155 1330 tantumdem
1171 1287 1292 1346 semper

323 1356 382 1415 illic
397 1357 521 1414 ardeat‘t
553 1354 670 1414 Deinde
681 1352 792 1411 nuliam
807 1352 953 1411 rationem
968 1352 1184 1425 reddiderunt,
1199 1370 1291 1427 quare

323 1438 415 1512 igniS,
432 1455 522 1512 quem
535 1445 641 1497 natura
654 1451 776 1495 sursum
789 1441 893 1504 vocat,
908 1434 1032 1494 defluat.
1054 1435 1114 1494 alia
1125 1435 1207 1496 enim
1223 1453 1291 1497 con·

269 1537 272 1541 ⁴
323 1522 402 1582 dicio
424 1528 596 1580 nostrorum
618 1519 729 1592 ignium
751 1526 813 1588 est,
835 1533 875 1575 ex
896 1518 1008 1591 quibus
1028 1518 1148 1577 favillae
1171 1520 1289 1590 cadunt,

324 1619 403 1678 quae
424 1603 570 1677 ponderis
591 1601 703 1673 aliquid
726 1615 830 1659 secum
844 1599 970 1659 habent:
996 1600 1036 1658 ita
1053 1608 1114 1659 non
1134 1602 1292 1663 descendit
1329 1657 1334 1670 ,

294 1685 417 1760 lignis,
438 1686 495 1744 sed
523 1684 737 1758 praecipitatur
753 1690 783 1741 et
803 1682 964 1745 diducitur.
1002 1682 1079 1741 Huic
1100 1684 1202 1743 simile
1223 1686 1290 1744 nihil

203 1838 213 1851 .
322 1769 431 1827 accidit
444 1766 473 1825 in
490 1766 624 1839 illoigne
642 1765 840 1839 purisssimo,
862 1767 892 1824 in
914 1781 975 1839 quo
991 1765 1062 1824 nihil
1080 1775 1128 1826 est
1143 1768 1229 1841 quod
1243 1768 1291 1826 de

322 1851 481 1925 primatum
497 1856 548 1908 aut
562 1848 588 1908 si
598 1849 659 1907 ulla
673 1865 746 1922 pars
761 1848 827 1906 cius
839 1848 1000 1921 exciderit,
1015 1848 1044 1905 in
1060 1850 1198 1921 periculo
1213 1857 1291 1910 totus

323 1941 384 2000 est,
414 1934 485 2006 quia
512 1940 605 1992 totum
635 1939 736 2004 potest
766 1932 924 2002 excidere,
957 1931 1040 2003 quod
1064 1939 1169 2005 potest
1200 1933 1291 2006 carpi.

322 2016 437 2076 Deinde
452 2016 539 2085 iliud,
557 2015 638 2088 quod
655 2016 765 2074 cadere
780 2013 886 2073 levitas
903 2014 1055 2087 prohibet,
1072 2012 1087 2050 *
1102 2015 1176 2073 illud
1193 2032 1249 2075 suo
1263 2016 1290 2074 in

322 2099 503 2159 abscondito
519 2106 614 2157 tenet:
638 2113 731 2170 grave
748 2097 902 2174 quomado
918 2097 978 2155 illic
989 2113 1060 2156 esse
1077 2098 1190 2171 potuit,
1211 2099 1290 2156 unde

294 2184 466 2242 acaderet‘l
489 2180 595 2253 „Quid
612 2188 710 2253 ergo?
731 2196 791 2238 non
805 2180 897 2252 aliqui
912 2180 1001 2253 ignes
1015 2179 1043 2237 in
1063 2179 1208 2240 interiora
1223 2180 1291 2239 ferri

326 2266 438 2334 soient,
455 2263 533 2322 sicut
550 2265 625 2323 haec
639 2263 722 2337 ipsa,
738 2264 777 2323 de
793 2263 903 2337 quibus
920 2262 1109 2336 quaerimuS‚
1124 2264 1292 2322 fulminal“

322 2346 444 2406 Fateor:
464 2362 523 2403 non
536 2352 606 2403 eunt
619 2354 731 2418 tamen,
745 2348 803 2406 scd·
812 2348 955 2405 seruntur.
977 2347 1078 2419 aliqua
1090 2361 1145 2405 eos
1159 2346 1293 2419 potentia

324 2428 477 2501 deprimit,
495 2443 574 2501 quae
589 2444 648 2487 non
663 2429 754 2488 estin
769 2428 900 2489 aethere.
926 2427 998 2486 nihil
1013 2429 1091 2487 enim
1106 2429 1167 2487 illic
1185 2430 1292 2488 iniuria

296 2512 458 2584 tangitur,
472 2511 542 2570 nihil
554 2510 716 2585 rumpitur,
728 2511 800 2570 nihil
814 2519 934 2585 praeter
948 2512 1069 2570 solitum
1081 2511 1197 2571 evenit:
1215 2512 1291 2571 ordo

323 2609 423 2654 rerum
445 2602 491 2653 est
511 2600 542 2653 et
560 2601 705 2669 purgatus
727 2593 806 2668 ignis
826 2595 855 2653 in
877 2594 1017 2653 custodia
1038 2593 1140 2653 mundi
1157 2612 1292 2654 summas

324 2679 447 2737 sortitus
469 2690 539 2737 oras
563 2678 666 2752 operis
687 2677 887 2751 pulcherrime
902 2678 1045 2735 circumit.
1072 2677 1142 2735 hinc
1163 2679 1292 2737 descen-

323 2763 396 2819 dere
416 2777 475 2820 non
501 2767 615 2834 potest,
641 2761 759 2829 sedne
777 2761 816 2819 ab
841 2768 965 2820 externo
987 2761 1108 2834 quidem
1134 2761 1292 2835 conprimi,

324 2843 396 2917 quia
416 2843 444 2900 in
460 2844 582 2901 aethere
597 2843 668 2902 nulli
684 2844 798 2904 incerto
813 2843 936 2919 corpori
949 2844 1050 2902 locus=
1072 2848 1196 2903 certaret
1211 2843 1292 2903 ordi·

323 2934 394 2984 natu
408 2941 467 2982 non
486 2932 630 2997 pugnant.
1109 2985 1112 2993 ,
1329 2935 1331 2939 “

297 3020 310 3070 ι
384 3007 463 3065 XIV.
490 3008 598 3082 ‚,v0s,
627 3006 739 3082 inquit,
765 3007 879 3081 dicitis,
903 3024 971 3068 curn
997 3024 1109 3068 causas
1135 3008 1291 3067 stellarum

322 3091 571 3150 transvolantium
592 3091 734 3164 redditiS,
761 3106 857 3163 posse
881 3092 1001 3165 aliquas
1027 3092 1106 3150 acris
1127 3098 1232 3164 partes
1253 3091 1289 3149 ad

323 3190 357 3235 se
372 3174 490 3234 trahere
506 3175 604 3247 ignem
619 3190 658 3232 ex
672 3172 749 3233 leals
763 3173 973 3247 superioribus
991 3175 1101 3233 ardore
1122 3180 1152 3232 et
1172 3173 1218 3231 sic
1240 3188 1288 3231 ac·

322 3258 442 3317 cendi.“
458 3256 518 3315 Sed
531 3258 692 3332 plurimum
704 3256 844 3328 interest,
860 3264 958 3315 utrum
973 3257 1082 3331 uliquis
1095 3256 1176 3315 dicat
1190 3254 1290 3329 iguem

322 3356 359 3399 ex
381 3339 503 3399 aethere
523 3339 681 3412 decidere,
711 3340 794 3413 quod
815 3347 922 3398 natura
935 3356 995 3399 non
1012 3340 1136 3414 patitur,
1159 3354 1196 3397 an
1210 3339 1292 3397 dicat

322 3438 361 3481 ex
382 3422 473 3496 ignea
491 3422 520 3479 vi
542 3424 674 3481 calorem
696 3422 726 3481 in
749 3439 800 3494 ea,
822 3438 902 3495 quae
916 3423 1087 3492 subiacent,
1111 3421 1290 3480 transsilire.

320 3520 380 3563 non
397 3505 477 3563 enim
488 3506 568 3564 illinc
583 3505 661 3578 ignis
677 3506 772 3577 cudit,
788 3507 871 3579 quod
886 3522 946 3564 non
959 3512 1061 3579 potest
1074 3505 1153 3577 lieri,
1170 3504 1226 3564 scd
1242 3502 1292 3561 hic

291 3587 463 3647 enascitur.
489 3587 639 3647 Videmus
660 3596 742 3647 certe
762 3590 842 3662 apud
865 3605 922 3648 nos
946 3589 1003 3647 late
1025 3588 1166 3648 incendio
1182 3601 1291 3661 perva-

320 3678 410 3741 gante
430 3671 577 3746 quasdam
597 3670 728 3745 insulas,
757 3688 837 3747 quae
857 3671 909 3730 diu
934 3674 1166 3743 concaluerunt,
1193 3685 1235 3728 ex
1256 3684 1291 3728 se
