2942 4384
396 452 447 512 DE
468 451 681 515 BENEFlCllS
703 453 775 514 LlB.
788 454 811 512 l.
833 462 964 515 10—12
1126 453 1166 517 ll

195 604 352 666 obsident=
382 604 528 679 qrricquid
548 604 655 663 horum
677 602 914 664 discusserimus
936 622 997 680 quo
1018 608 1115 665 mains
1130 617 1195 671 aaa

194 688 357 747 terribilius
370 688 440 758 erit,
456 687 515 747 hoc
527 688 670 746 maiorem
683 687 825 747 inibimus
837 689 972 761 gratiam.
995 690 1075 749 subit
1087 691 1166 749 enim

198 770 347 845 cogitatio,
364 771 485 844 quantis
499 770 559 830 sint
572 770 689 829 liberati
701 771 797 843 malis,
813 779 843 830 ct
853 771 1036 831 lenocinium
1044 780 1091 831 est
1101 790 1165 832 rnu-

198 854 276 913 neris
291 854 477 913 antecedens
493 862 600 914 metus.
623 869 680 912 nec
697 863 794 913 tamen
808 854 877 913 ideo
891 855 1037 914 debemus
1049 856 1165 914 tardius

200 952 379 1011 quemquam
401 952 525 995 servare
546 952 637 1011 quarn
660 952 841 1010 possumus,
868 945 901 997 ut
922 938 1039 996 muneri
1059 947 1165 997 nostro

200 1022 284 1082 timor
299 1020 426 1094 inponat
440 1020 573 1093 pondus.
604 1019 747 1079 Proxima
761 1021 799 1079 ab
816 1020 864 1079 his
879 1028 957 1092 sunl,
973 1022 1040 1080 sine
1055 1022 1196 1095 quibust

201 1119 362 1178 possumus
385 1103 507 1177 quidem
528 1102 647 1175 vivere,
675 1104 730 1161 sed
753 1111 786 1163 ut
800 1120 882 1164 mors
898 1103 1001 1179 potior
1014 1104 1068 1164 sit:
1091 1112 1165 1163 tam-

202 1202 286 1260 quam
301 1186 426 1245 libertas
441 1193 470 1244 cl
485 1187 631 1259 pudicitia
645 1194 675 1246 et
688 1202 775 1245 mens
790 1187 880 1246 bona.
903 1196 975 1262 post
985 1188 1062 1246 haec
1072 1187 1165 1245 habe-

201 1270 294 1330 bimus
316 1268 529 1328 coniunctione
551 1284 587 1328 ac
601 1270 751 1343 sanguine
765 1286 885 1344 usuque
900 1280 930 1331 el
944 1272 1166 1330 consuetudine

147 1362 150 1371 ’
201 1354 286 1426 longa
297 1367 385 1424 cara,
404 1360 435 1411 ul
446 1353 568 1422 liberos,
586 1353 742 1427 coniuges
761 1362 886 1427 penates
899 1363 1070 1427 ceteraque,
1087 1370 1166 1428 narare

147 1433 149 1459 ³
201 1452 295 1510 usqua
316 1450 354 1493 co
375 1435 494 1495 animus
515 1435 572 1493 sibi
594 1437 753 1510 adplicuit,
776 1444 808 1495 ut
828 1436 866 1494 ab
887 1436 946 1495 illis
968 1453 1057 1511 quam
1072 1454 1090 1495 a
1106 1438 1166 1495 vita

147 1538 150 1546 ¹
201 1518 298 1578 divelli
309 1519 433 1592 gravius
445 1517 605 1578 existimet.
635 1518 933 1593 subsequuntur
947 1521 1073 1589 utilia,
1091 1532 1194 1595 quo-5

199 1611 261 1662 rum
282 1601 370 1660 varia
390 1602 499 1661 allata
519 1603 643 1661 materia
663 1610 719 1662 cst.
755 1603 811 1661 Hic
826 1604 882 1662 erit
898 1605 1026 1677 pecunia
1040 1621 1100 1663 non
1115 1621 1165 1663 su-

200 1684 369 1759 perfluenS,
395 1684 452 1744 scd
472 1685 512 1744 ad
533 1701 640 1745 sanum
661 1686 785 1745 modum
806 1686 939 1746 habendi
961 1696 1075 1761 parata.
1116 1687 1166 1746 hio

200 1767 251 1827 erit
271 1768 373 1827 honor
388 1774 417 1826 et
433 1784 599 1841 processus
614 1769 653 1828 ad
668 1771 776 1828 altiora
791 1770 993 1829 tendentium:
1015 1786 1072 1829 nec
1086 1770 1166 1829 enim

200 1850 298 1911 utilius
310 1850 474 1925 quicquam
487 1859 534 1911 est
546 1869 635 1926 quam
648 1852 706 1911 sibi
719 1853 821 1911 utilem
832 1853 907 1912 fieri.
939 1854 1013 1912 lam
1034 1862 1166 1913 cetera

199 1949 240 1994 ex
262 1932 479 1994 abundanti
498 1935 659 1995 veniunt
681 1935 828 1994 delicatos
851 1938 975 1996 lactura.
1009 1938 1038 1996 in
1054 1937 1101 1995 his
1117 1953 1164 1996 se-

199 2034 341 2092 quemur,
367 2024 401 2077 ut
421 2019 646 2092 opportunitate
668 2026 755 2093 grata
775 2019 848 2089 sint,
874 2028 907 2079 ut
932 2037 993 2079 non
1020 2022 1165 2093 volgaria,

198 2116 339 2175 quaeque
353 2107 405 2161 aut
420 2100 509 2174 pauci
524 2102 682 2161 habuerint
693 2109 744 2161 aut
756 2101 846 2175 pauci
858 2102 934 2161 intra
946 2102 1024 2161 hanc
1035 2110 1165 2161 aetatem

198 2192 248 2244 aut
266 2184 327 2242 hoc
347 2184 454 2257 modo,
483 2200 562 2259 quae
584 2185 700 2245 etiamsi
719 2194 825 2244 natura
848 2185 982 2259 pretiosa
1003 2202 1062 2246 non
1085 2191 1166 2258 sunt,

147 2303 149 2332 ;
197 2275 335 2342 tempore
349 2275 401 2327 aut
414 2268 483 2327 loco
498 2268 579 2327 fiant.
614 2270 782 2328 Videamus
799 2270 872 2342 quid
887 2269 1018 2329 oblatum
1035 2268 1194 2335 maximea

147 2399 150 2430 ;
197 2351 345 2425 voluptati
370 2351 500 2410 laturum
525 2352 578 2422 sit,
603 2352 675 2427 quid
698 2354 873 2425 frequenter
893 2368 1090 2412 occursurum
1112 2352 1164 2411 ha·

196 2434 294 2506 beuti,
317 2441 351 2493 ul
367 2434 474 2493 totiens
491 2434 664 2506 nobiscum,
687 2437 827 2509 quotiens
843 2450 910 2495 curn
926 2437 976 2495 illo
991 2437 1038 2495 sit.
1059 2435 1166 2509 utique

147 2579 149 2584 ,
197 2517 374 2576 cavebimus
395 2532 433 2575 ne
450 2533 576 2577 munera
591 2533 784 2593 supervacua
799 2520 966 2593 mittamus,
990 2527 1022 2579 ut
1036 2519 1166 2579 feminae

197 2608 248 2660 aut
267 2600 334 2659 seni
355 2616 438 2660 arma
460 2601 615 2668 venatoria
634 2609 685 2661 aut
701 2604 815 2662 rustico
831 2602 924 2661 libros
940 2612 991 2662 aut
1006 2603 1113 2661 studiis
1129 2617 1166 2659 ac

147 2735 149 2742 .
198 2682 291 2742 literis
313 2684 416 2743 dedito
434 2684 520 2744 retia.
542 2700 649 2766 ‘aeque
665 2700 702 2742 ex
718 2685 868 2743 contrario
885 2684 1165 2758 circumspiciamus

147 2783 149 2788 ·
198 2782 251 2838 ne,
274 2767 346 2825 dum
366 2775 451 2841 grata
469 2766 586 2826 mittere
605 2770 764 2839 volumus,
787 2783 874 2826 suum
897 2768 1006 2842 cuique
1027 2766 1164 2824 morbum

147 2845 149 2850 ’
199 2850 418 2923 exprobratura
437 2849 603 2923 mittamus,
627 2850 706 2910 sicut
720 2850 842 2910 ebrioso
858 2851 929 2910 vina
943 2861 973 2911 et
987 2849 1164 2911 valitudina-

147 2927 149 2956 ⁵
199 2933 243 2992 rio
268 2934 498 2993 medicamenta.
533 2934 725 2993 maledictum
751 2936 829 2993 enim
855 2934 960 3009 incipit
985 2951 1077 3009 esse,
1104 2950 1166 2992 non

199 3032 324 3089 munus,
347 3016 376 3074 in
393 3033 455 3091 quo
468 3017 572 3076 vitium
588 3016 764 3091 accipientis
779 3020 965 3091 agnoscitur.

258 3100 324 3158 Xil.
353 3099 384 3159 Si
409 3100 564 3159 arbitrium
590 3100 682 3158 dandi
708 3116 804 3174 penos
830 3118 888 3160 nos
913 3108 974 3171 est,
1003 3102 1193 3175 praecipuel

200 3198 342 3241 mansura
357 3199 548 3257 quaeremus
564 3191 596 3243 ut
611 3199 701 3257 quam
717 3184 838 3243 minime
852 3186 978 3243 mortale
993 3201 1102 3242 munus
1117 3185 1165 3242 sit.

201 3266 289 3338 pauci
311 3268 391 3324 enim
414 3274 486 3326 sunt
505 3262 566 3327 lam
585 3268 677 3339 grati,
698 3275 731 3326 ut
751 3268 822 3341 quid
839 3267 1026 3341 acceperint,
1049 3267 1166 3324 etiamsi

201 3364 259 3408 non
274 3349 393 3422 vidant,
413 3349 711 3424 cogitentingratos
724 3366 848 3423 quoque
859 3350 1004 3408 memoria
1016 3365 1084 3407 cunr
1097 3349 1166 3421 ipso

203 3446 325 3492 munere
343 3431 482 3505 incurrit,
503 3434 553 3492 ubi
573 3441 642 3493 anto
661 3435 766 3494 oculos
784 3441 831 3492 est
845 3441 874 3492 et
890 3434 1028 3492 oblivisci
1043 3430 1090 3489 sui
1105 3448 1166 3490 non

203 3515 284 3587 sinit,
307 3516 361 3574 scd
378 3523 533 3575 auctorem
549 3532 637 3576 suum
654 3517 762 3589 ingerit
775 3524 805 3576 et
820 3518 959 3575 inculcat.
988 3516 1031 3574 Eo
1045 3514 1167 3588 quidem

203 3599 295 3671 magis
317 3599 461 3657 duratura
488 3615 690 3673 quaeranruS,
718 3600 790 3672 quia
815 3615 977 3671 numquam
1003 3599 1168 3657 admonere

205 3678 361 3743 debemus:
383 3683 453 3759 ipsa
465 3698 516 3743 res
532 3690 765 3743 evanescentem
779 3684 953 3743 memoriam
968 3680 1088 3742 excitet.
1119 3682 1196 3742 Lia
