2942 4384
315 473 376 538 114
601 477 634 536 L.
653 474 800 535 ANNAEI
821 476 996 536 SENECAE

315 630 383 687 dem
406 627 471 687 elus
491 626 605 699 habeo,
629 627 685 685 sed
703 626 883 685 benelicitrm
899 644 959 689 non
977 628 1091 701 babeo,
1116 633 1205 705 quod
1220 648 1288 692 con-

285 718 444 785 4summat
459 718 488 769 et
503 726 553 768 res
570 717 600 767 et
614 703 743 768 animus.
780 710 1042 781 Quemadmodum
1057 714 1101 784 ci,
1125 715 1182 788 qui
1199 718 1291 775 voluit

315 796 385 854 milri
402 794 525 867 quidem
539 791 700 866 pecunIam
717 794 857 864 credere,
881 795 935 852 sed
953 812 1014 854 non
1030 797 1130 867 dedit,
1149 798 1226 857 nihil
1240 800 1289 858 de-

315 880 387 948 beo,
411 879 451 935 lta
467 876 508 948 ei,
532 875 582 948 qui
597 876 694 934 voluit
707 875 779 934 mihi
794 876 975 936 beneficium
988 880 1075 953 dare,
1091 881 1147 939 sed
1162 898 1224 941 non
1238 898 1288 956 po·

315 963 385 1032 tuit,
408 960 523 1017 amicus
546 959 668 1032 quidem
690 974 758 1031 ero,
780 960 837 1017 sed
852 976 912 1020 non
929 961 1096 1035 obllgatus:
1119 971 1149 1023 et
1166 965 1237 1025 volo
1251 964 1289 1023 illi

316 1044 431 1117 aliquid
449 1049 620 1116 praestare,
643 1059 711 1100 nam
727 1050 757 1101 et
772 1042 821 1099 ille
833 1045 929 1103 voluit
942 1044 1024 1104 nrilti.
1048 1053 1184 1106 celerum
1201 1050 1228 1107 si
1240 1047 1288 1106 be

316 1126 454 1200 nigniore
466 1127 586 1185 Iortnna
598 1142 673 1184 nsns
687 1125 876 1199 praestitero,
893 1126 1073 1187 beneficium
1086 1125 1215 1204 dedero,
1231 1147 1288 1191 non

316 1211 439 1283 gratiam
461 1212 600 1269 retulero.
632 1209 682 1266 ille
697 1210 768 1267 milri
779 1210 909 1283 gratiam
925 1210 1048 1272 debebit
1061 1213 1189 1280 referre,
1223 1214 1288 1273 hiae

315 1294 429 1354 initium
447 1293 511 1351 liet:
534 1308 615 1350 ame
632 1301 814 1352 numeratur.

288 1396 304 1445 1
379 1377 442 1436 XII.
465 1378 611 1449 Intellego
627 1377 701 1449 lam,
719 1376 792 1450 quid
805 1375 881 1435 velis
894 1393 1057 1452 quaerere=
1079 1396 1141 1439 non
1155 1398 1236 1456 opus
1247 1388 1289 1441 est

315 1472 345 1523 te
367 1462 482 1531 dicere,
511 1464 603 1520 voltus
623 1467 689 1519 tuus
710 1463 848 1533 toqodur.
895 1459 933 1519 Si
950 1463 1047 1536 -quIs
1076 1480 1146 1523 sua
1174 1480 1289 1523 causa

315 1542 430 1604 nobis
461 1542 622 1618 proluit,
652 1544 753 1613 eine,
781 1544 897 1617 inquis,
927 1545 1089 1607 debetur
1117 1547 1289 1622 aliquid?

315 1630 376 1688 hoc
397 1628 475 1686 enim
496 1642 590 1700 saepe
611 1634 640 1684 te
657 1635 895 1700 conquerentem
909 1629 1016 1704 audio,
1039 1631 1124 1705 quod
1140 1632 1289 1705 quaedam

315 1710 455 1771 homiues
472 1710 530 1768 sibi
546 1716 716 1783 praestant,
739 1710 805 1769 aliis
823 1712 968 1785 inputant.
1005 1714 1125 1787 Dicam,
1149 1716 1190 1773 mi
1204 1714 1288 1773 Libo

317 1796 404 1853 ralis:
427 1794 482 1852 sed
500 1793 582 1866 prius
599 1793 687 1852 istam
704 1794 964 1867 quaestiunculam
980 1797 1114 1856 dividam
1126 1804 1155 1855 et
1167 1814 1232 1857 rem
1243 1812 1288 1857 ae

289 1895 408 1953 squam
424 1879 461 1936 ab
477 1878 581 1951 iniqua
596 1877 756 1951 separabo.
791 1877 916 1938 lllultum
935 1879 1014 1938 enim
1030 1880 1171 1954 Interest,
1193 1888 1289 1940 utrum

317 1962 428 2037 aliquis
445 1962 624 2020 benenatum
639 1962 727 2021 nobis
744 1961 795 2019 det
810 1978 867 2021 sua
882 1978 976 2021 causa
987 1979 1025 2021 an
1037 1971 1067 2022 ct
1078 1979 1144 2023 sua.
1176 1966 1231 2023 llle
1241 1964 1288 2037 qui

317 2054 396 2106 totns
412 2046 450 2104 ad
465 2061 499 2105 se
515 2051 633 2120 spectat
648 2052 678 2104 et
691 2044 781 2103 nobis
795 2046 935 2120 prodest,
958 2048 1030 2121 quia
1043 2048 1127 2106 aliter
1138 2048 1288 2121 prodesse

318 2131 375 2190 sibi
391 2146 452 2189 non
468 2137 584 2204 potest,
608 2144 644 2188 eo
661 2131 729 2188 loco
746 2128 816 2186 milri
831 2136 893 2200 est,
917 2146 978 2203 quo
995 2129 1047 2203 qui
1059 2131 1165 2204 pecori
1177 2147 1235 2190 suo
1248 2130 1289 2188 ld·

317 2216 445 2273 bernum
460 2220 489 2271 et
504 2213 652 2271 aestivum
668 2210 813 2286 pabulum
827 2214 985 2287 prospicit.
1006 2230 1042 2273 eo
1057 2214 1141 2287 loco,
1162 2231 1224 2287 quo
1240 2213 1288 2287 qui

319 2298 457 2370 captivos
479 2311 569 2368 suos,
590 2301 623 2353 ut
637 2295 827 2354 commodius
842 2304 987 2368 veneant,
1012 2296 1110 2370 pascit
1125 2304 1156 2355 et
1170 2300 1289 2372 opimos

316 2380 414 2437 boves
431 2377 549 2451 sagInat
564 2393 599 2435 ac
615 2378 751 2437 delricat.
774 2396 835 2452 quo
849 2380 972 2453 lanista,
994 2381 1046 2454 qui
1058 2379 1200 2438 lamiIIam
1211 2396 1289 2439 sum·

317 2479 366 2521 ma
382 2478 455 2521 cura
469 2468 592 2519 exercet
606 2467 697 2534 atque
714 2469 810 2520 ornat.
846 2463 1007 2537 „Multum,
1022 2470 1054 2522 ut
1068 2462 1109 2522 ait
1120 2462 1288 2535 Cleanthes,

319 2565 336 2605 a
352 2544 500 2605 beneficIo
517 2544 609 2603 dIstat
622 2544 817 2617 negotiatio.“

290 2643 305 2692 1
379 2629 456 2689 XIII.
478 2629 597 2687 Rursus
613 2645 673 2688 non
690 2644 758 2687 sum
771 2636 830 2687 tam
842 2629 979 2703 iniquus,
995 2636 1028 2689 ul
1039 2628 1111 2686 nihil
1122 2628 1151 2687 ei
1164 2628 1289 2688 debeam
1330 2696 1333 2714 Α

319 2715 386 2789 qui,
411 2729 479 2772 cum
500 2711 571 2770 milri
585 2713 666 2771 utilis
684 2720 782 2783 essct,
806 2712 861 2771 suit
875 2720 905 2772 ct
920 2713 987 2771 sibi.
1018 2729 1079 2772 non
1095 2711 1175 2770 enlm
1191 2710 1288 2785 exigo,

318 2804 350 2856 ut
365 2797 431 2854 stne
447 2802 591 2868 respectu
607 2796 654 2854 sui
670 2794 743 2853 milri
761 2797 915 2868 consulat,
938 2795 1031 2856 Immo,
1043 2794 1132 2854 etiam
1148 2802 1239 2869 opto,
1261 2801 1289 2852 ut

317 2879 500 2937 beneficium
520 2876 593 2936 mihi
612 2879 714 2936 datum
734 2878 785 2936 vel
805 2878 903 2953 magIs
919 2879 1002 2937 danti
1020 2877 1182 2952 profuerit,
1205 2876 1287 2936 dum-

318 2962 410 3020 modo
423 2960 462 3033 id,
476 2960 528 3033 qui
540 2960 639 3034 dabat,
653 2961 731 3020 duos
745 2960 865 3021 intuens
878 2962 996 3020 dederit
1006 2969 1036 3020 et
1046 2962 1123 3040 inter
1134 2975 1183 3019 me
1196 2973 1289 3035 seque

319 3043 464 3103 dlviserit.
486 3043 602 3102 licelid
618 3044 685 3118 ipse
702 3059 741 3102 cx
756 3047 870 3105 maiore
887 3053 972 3118 parte
988 3045 1162 3118 possideat,
1185 3044 1212 3103 si
1226 3059 1288 3101 mo-

289 3129 358 3190 2do
375 3144 422 3187 me
439 3128 468 3185 in
485 3128 670 3187 consortium
685 3127 821 3198 admisit,
837 3129 862 3187 si
875 3129 954 3187 dnos
967 3127 1119 3201 cogitavit.
1151 3127 1288 3199 Ingratus

319 3230 401 3285 sum,
424 3228 485 3271 non
503 3213 603 3271 solum
624 3211 773 3283 iniustus,
794 3213 852 3270 nisi
866 3212 986 3284 gaudeo
1003 3212 1063 3270 hoc
1079 3209 1122 3268 illi
1137 3210 1291 3283 proluissa

321 3298 403 3371 quod
419 3296 565 3369 proderat
578 3294 660 3353 mihi.
683 3311 819 3354 summae
833 3295 1025 3368 malignitatis
1041 3300 1163 3353 estnon
1178 3305 1289 3351 vocare

318 3378 514 3449 beneficium,
531 3378 591 3437 nisi
606 3379 688 3452 quod
704 3379 825 3437 dantem
840 3378 942 3451 aliquo
961 3376 1156 3437 incommodo
1170 3374 1288 3434 adfecit.

319 3462 415 3522 Alteri
435 3460 492 3535 illi,
517 3460 568 3535 qui
590 3461 772 3521 beneficium
793 3462 845 3522 dat
865 3476 922 3520 sua
943 3477 1052 3534 causa,
1078 3457 1288 3533 respondebo:

319 3563 395 3605 usus
417 3560 465 3603 me
486 3560 581 3619 qnare
601 3546 703 3616 potius
723 3553 753 3603 tc
775 3545 847 3603 mihi
869 3545 1023 3618 proluisse
1038 3544 1122 3601 dloes
1138 3556 1229 3617 quam
1243 3556 1289 3598 me

291 3629 392 3690 tlibi?
411 3628 518 3702 „Puta,
535 3627 646 3701 inquit,
659 3628 745 3686 aliter
756 3629 821 3687 ficri
833 3643 893 3685 non
907 3642 1001 3700 posse
1013 3642 1061 3685 me
1073 3626 1288 3699 magistratum,

275 3751 278 3756 -
323 3726 413 3785 quam
435 3714 460 3770 si
482 3713 588 3771 decem
609 3718 716 3784 captos
738 3712 823 3771 cives
844 3725 884 3771 ex
903 3726 1014 3785 magno
1025 3708 1222 3785 captiuorum
1237 3722 1289 3766 nu·
