2942 4384
319 447 382 510 310
594 446 627 505 L.
650 445 797 505 ANNAEl
817 444 991 505 SENECAE

290 600 378 663 aillio
404 598 563 673 plurimum
590 603 636 657 est
660 594 741 655 aeris
763 595 850 671 pigri.
887 596 1008 669 „Quare
1029 603 1128 657 autem
1150 613 1213 658 non
1237 607 1293 660 stat

319 690 468 754 cometes,
486 681 542 739 sed
555 681 732 755 procedit2⁴⁴
755 681 868 738 dicam=
891 680 1003 753 ignium
1017 682 1108 740 modo
1120 683 1292 742 alimentum

319 782 406 825 suum
423 764 567 838 sequitur.
591 764 730 837 quamvis
747 763 824 821 enim
841 763 881 821 ad
895 766 1057 837 superiora
1071 763 1159 823 nisus
1171 766 1227 838 sit,
1243 768 1292 825 dc·

318 847 439 908 ficiente
459 854 558 906 tamen
578 847 703 905 materia
723 853 804 905 retro
819 844 885 904 iens
902 846 968 921 ipse
985 848 1152 908 descendit.
1174 849 1205 906 in
1224 852 1292 908 abre

320 946 444 1005 quoque
465 946 524 989 non
551 930 687 989 dextram
712 930 891 1002 laevamque
916 930 1025 1003 premit
1051 938 1174 1003 partem.
1212 933 1292 990 nulla

239 1022 244 1031 '
284 1008 290 1015 ’
318 1023 366 1074 εει
380 1014 458 1071 enlm
475 1013 515 1071 illi
532 1011 594 1082 via,
615 1012 671 1071 sed
687 1028 748 1086 qua
764 1028 842 1070 vena
857 1012 958 1085 pabuli
974 1014 1021 1071 sui
1037 1014 1132 1082 duxit,
1149 1015 1200 1073 illa
1215 1016 1292 1088 repit

289 1111 374 1162 aneo
388 1105 421 1156 nt
436 1096 522 1155 stella
538 1096 690 1169 procedit,
708 1094 764 1153 sed
779 1101 811 1153 ut
821 1094 899 1168 ignis
913 1095 1055 1169 pascitur.
1087 1096 1208 1169 „Quare
1220 1113 1290 1171 ergo

319 1196 374 1255 per
401 1181 524 1252 longum
548 1184 668 1251 tempus
694 1179 822 1251 adparet
846 1185 958 1249 elnon
985 1180 1043 1238 cito
1070 1182 1292 1253 exstinguitur?

319 1279 375 1322 sex
390 1263 467 1321 enim
484 1260 639 1320 mensibus
654 1260 716 1333 hio,
732 1277 823 1335 quem
840 1277 896 1319 nos
907 1261 1035 1320 Neronis
1049 1262 1221 1336 principatu
1232 1266 1290 1322 loe·

318 1346 435 1405 tissima
453 1345 596 1415 vidimus,
620 1345 818 1418 spectandum
835 1359 869 1403 se
884 1345 1022 1417 praebuit
1036 1345 1064 1402 in
1081 1346 1236 1405 diversum
1252 1346 1290 1405 illi

319 1429 484 1489 Claudiano
506 1428 720 1487 circumactus:
748 1426 798 1487 ille
820 1428 898 1486 enim
917 1429 1164 1502 aseptemtrione
1180 1430 1208 1487 in
1226 1446 1290 1489 ver-

318 1513 407 1572 ticem
429 1527 558 1585 surgens
580 1512 725 1570 orientem
747 1511 831 1583 pellit
851 1527 972 1585 semper
990 1512 1162 1571 obscurior:
1187 1512 1236 1571 liic
1254 1514 1289 1572 ab

319 1596 426 1654 eadem
440 1601 526 1668 parte
542 1596 658 1668 coepit,
680 1594 735 1653 sed
755 1594 783 1651 in
800 1594 987 1653 occidentem
1002 1596 1131 1654 tendens
1147 1597 1186 1653 ad
1202 1597 1289 1654 meri—

290 1679 397 1739 ldiem
419 1678 503 1737 llexit
525 1684 555 1736 ct
573 1676 614 1735 ibi
635 1693 670 1735 se
685 1676 831 1735 subduxit
845 1678 974 1736 oeulis⁴‘
1005 1678 1156 1737 Videlicet
1171 1678 1221 1737 ille
1237 1680 1289 1738 bn·

317 1761 445 1819 midiora
465 1759 569 1818 babuit
589 1766 619 1818 et
638 1759 755 1834 aptiora
778 1759 913 1833 ignibus,
936 1776 1015 1834 quae
1032 1770 1212 1835 persecutus
1229 1769 1289 1820 est:

317 1843 388 1901 huie
409 1858 517 1901 cursus
535 1841 662 1902 ulterior
683 1841 737 1901 luit
751 1850 781 1902 ct
798 1845 915 1916 plenior
928 1844 1023 1917 regio.
1045 1844 1104 1903 huc
1119 1844 1224 1919 itaque
1239 1846 1290 1904 de-

319 1925 437 1984 scendit
451 1926 594 1984 invitante
610 1926 747 1996 materia,
768 1943 827 1986 non
843 1927 963 1999 itinere,
980 1928 1061 1999 quod
1075 1928 1204 2001 adparet
1215 1929 1290 1987 duo·

317 2010 392 2079 bus,
421 2024 500 2083 quos
521 2009 741 2083 spectavimnS,
769 2008 865 2068 luisse
891 2009 1064 2081 diversum,
1091 2026 1159 2069 cum
1187 2011 1237 2069 lrio
1261 2012 1288 2069 in

319 2093 457 2151 dextrum
472 2099 571 2151 motus
588 2090 638 2163 sit,
658 2093 707 2151 ille
722 2092 752 2151 in
768 2092 931 2167 sinistrum.
955 2094 1093 2153 omnibus
1106 2101 1206 2153 autem
1220 2096 1290 2152 stel-

318 2175 354 2233 lis
367 2174 395 2232 in
409 2176 546 2233 eamdem
560 2181 673 2247 partem
687 2190 796 2233 cursus
809 2182 863 2248 est,
879 2176 908 2233 id
921 2184 968 2235 est
979 2176 1148 2236 contrarius
1161 2178 1289 2237 mundo:

317 2256 366 2314 hic
386 2258 465 2315 enlm
487 2258 524 2315 ab
540 2265 607 2317 ortu
623 2258 752 2317 volvitur
766 2258 794 2316 in
812 2274 970 2331 occasum,
993 2260 1061 2317 illae
1075 2259 1114 2317 ab
1131 2274 1247 2319 occasu
1262 2260 1290 2317 in

318 2346 414 2397 ortum
431 2346 502 2398 eunt
518 2346 547 2398 et
559 2340 597 2398 ob
613 2340 670 2398 lroo
685 2341 798 2413 duplex
813 2340 860 2399 bis
873 2349 972 2401 motus
985 2349 1039 2415 est,
1058 2343 1116 2414 ille,
1132 2350 1289 2417 quaeunt,

318 2427 348 2479 et
363 2422 425 2492 liic,
451 2438 511 2494 quo
529 2422 715 2480 auferuntur.

291 2511 304 2561 1
379 2504 469 2562 XXll.
498 2504 574 2578 Ego
604 2506 754 2565 nostris
781 2522 854 2566 non
883 2507 1102 2566 adsentior=
1128 2508 1289 2565 nonenim

318 2587 457 2646 existimo
480 2596 616 2648 cometen
639 2587 829 2648 subitaneum
850 2590 965 2663 ignem,
993 2588 1049 2647 sed
1070 2590 1147 2648 inter
1167 2598 1291 2648 aelerna

319 2686 413 2744 opera
435 2678 568 2730 naturae.
607 2672 737 2730 Primum
760 2687 971 2746 quaecumque
992 2687 1044 2729 aer
1066 2679 1163 2741 creat,
1185 2671 1291 2731 brevia

318 2761 397 2813 sunt.
427 2762 592 2813 nascuntur
613 2754 691 2812 enim
712 2753 742 2813 in
758 2771 791 2813 re
807 2756 905 2828 lngaci
921 2764 949 2814 ct
964 2754 1107 2813 mutabili.
1134 2755 1289 2828 quomodo

320 2843 420 2909 potest
434 2836 547 2909 aliquid
565 2837 594 2896 in
610 2840 680 2895 aere
694 2838 745 2896 din
763 2853 939 2911 permanere
954 2837 1049 2908 idem,
1071 2854 1139 2897 cum
1156 2838 1225 2911 ipse
1241 2853 1291 2896 aer

318 2935 482 2991 numquam
504 2920 583 2977 idem
607 2920 658 2978 diu
678 2923 822 2979 maneat?
850 2920 916 2980 fluit
935 2936 1057 2993 semper
1077 2929 1107 2980 et
1124 2921 1229 2979 brevis
1251 2920 1289 2978 illi

319 3002 406 3073 quies
423 3008 477 3060 est.
501 3002 577 3059 intra
593 3003 734 3074 exiguum
750 3012 933 3064 momentum
945 3003 974 3062 in
987 3003 1079 3062 alium
1093 3020 1183 3077 quam
1196 3004 1291 3063 luerat

318 3090 426 3142 statum
442 3084 580 3143 vertitur:
604 3100 685 3143 nunc
701 3086 837 3158 pluviuS,
857 3103 938 3147 nnnc
954 3102 1098 3159 serenus,
1121 3103 1203 3145 nunc
1216 3087 1290 3144 inter

318 3176 479 3241 utrumque
499 3168 610 3227 varius.
640 3169 752 3239 nubes,
777 3186 856 3243 quae
875 3170 916 3229 illi
939 3169 1193 3227 familiarissimae
1212 3174 1289 3239 sunt,

317 3251 347 3309 in
368 3267 444 3325 quas
467 3251 527 3311 ooit
548 3249 637 3310 etex
659 3253 770 3326 quibus
793 3252 929 3324 solvitur,
950 3253 1041 3311 modo
1058 3259 1289 3325 congregantur,

318 3334 410 3392 modo
431 3335 616 3407 digeruntur,
645 3352 810 3409 numquam
832 3336 963 3395 inmotae
985 3335 1093 3395 lacent.
1133 3335 1213 3392 Fieri
1231 3350 1289 3393 non

318 3424 435 3490 potest,
459 3426 492 3476 ut
507 3418 585 3490 ignis
602 3425 702 3476 certus
716 3419 745 3476 in
759 3434 889 3493 corpore
901 3434 980 3491 vago
993 3419 1099 3477 sedeat
1110 3426 1138 3477 et
1149 3424 1210 3475 tam
1224 3432 1289 3491 per·

317 3500 455 3559 tinaciter
472 3500 595 3559 haereat
610 3517 699 3572 quam
716 3518 795 3575 quae
810 3510 932 3574 natura,
954 3516 993 3559 ne
1009 3517 1154 3574 umquam
1169 3507 1290 3558 excute·

289 3588 430 3655 arentur,
446 3585 569 3656 aptavit.
605 3584 721 3643 Deinde
736 3586 762 3643 si
776 3585 917 3645 alimento
929 3600 986 3643 suo
998 3583 1151 3652 haereret,
1169 3597 1292 3655 semper

320 3665 531 3731 descenderet
554 3681 591 3726 eo
607 3667 836 3729 enim-crassior
847 3676 965 3743 estaer,
980 3684 1042 3741 quo
1055 3667 1143 3727 terris
1154 3667 1291 3741 propior.
