2942 4384
259 472 303 537 54
549 472 582 531 n.
602 469 749 530 aunam
771 449 947 530 senecas

262 639 318 699 per
339 638 373 681 se
388 622 505 680 intuere
521 622 611 695 quale
626 620 678 679 sit:
704 618 919 678 animadvertis
935 619 1076 694 exiguum
1094 628 1126 683 et
1139 622 1237 684 incer·

261 717 322 768 tum
344 714 373 765 et
394 704 467 763 boni
488 705 620 778 malique
642 718 831 761 oonununem
853 704 1021 776 materiam,
1051 705 1121 766 sine
1142 707 1236 769 dubio

263 791 392 866 primunr
406 788 554 847 adomnia
565 787 701 861 gradum,
715 787 771 845 scd
783 802 842 844 uon
851 786 920 845 ideo
930 787 1073 846 maiorem
1083 791 1236 866 omnibus,

233 876 334 949 aquia
350 874 465 946 primus
481 877 536 928 est.
571 869 696 928 Servavi
714 877 828 941 patrem
843 876 872 928 et
886 870 925 927 ad
940 886 1089 929 summam
1107 874 1236 947 provexi

262 957 438 1031 dignitatem
451 962 481 1013 et
492 953 659 1027 principem
673 952 757 1011 urbis
770 968 845 1012 suae
856 953 924 1010 leci.
946 968 1002 1011 nec
1014 960 1130 1014 tantum
1142 957 1235 1018 rebus

262 1055 349 1098 ame
369 1038 465 1111 gestis
485 1035 655 1109 nobilitavi,
682 1036 739 1094 sed
760 1036 819 1109 ipsi
836 1051 959 1109 quoque
973 1038 1178 1109 gerendarum
1193 1041 1235 1098 in-

262 1129 382 1197 gentem
398 1135 434 1178 ac
450 1120 569 1178 facilem
583 1135 640 1177 nec
655 1126 747 1178 tutam
762 1121 862 1178 minus
878 1135 968 1191 quam
982 1118 1150 1193 gloriosam
1166 1121 1236 1182 dedi

262 1206 427 1263 materiam.
457 1202 605 1275 honoreS,
625 1218 716 1276 opeS‚
741 1200 887 1277 quioquid
901 1201 1049 1262 humanos
1065 1204 1106 1263 ad
1121 1220 1157 1263 se
1173 1206 1235 1264 ani-

262 1305 329 1347 mos
345 1288 440 1361 rapit,
462 1286 619 1359 congessi:
647 1293 761 1345 etcum
777 1301 870 1359 supra
887 1300 992 1345 omnes
1008 1292 1136 1360 starem,
1158 1289 1236 1347 inira

233 1372 345 1431 lilium
367 1370 446 1430 steti.
481 1370 536 1428 Dic
551 1384 646 1429 nuuc:
667 1369 753 1442 „boc
774 1367 889 1442 ipsum,
919 1369 1002 1443 quod
1022 1368 1083 1427 ista
1100 1369 1234 1444 potuisti,

262 1456 357 1530 patris
373 1470 484 1513 munus
499 1458 577 1511 est.“
604 1452 802 1526 respondebo
818 1451 886 1510 tibi:
908 1460 975 1524 „est
991 1468 1135 1525 prorsus,
1154 1454 1182 1512 si
1197 1453 1235 1512 ad

262 1540 321 1597 ista
343 1538 483 1596 iacienda
505 1536 590 1594 nasci
614 1537 688 1594 satis
710 1543 765 1594 est.
793 1536 849 1594 sed
870 1534 897 1593 si
918 1536 956 1593 ati
979 1536 1055 1595 bene
1071 1537 1235 1595 vivendum

262 1622 385 1681 minima
406 1620 505 1693 portio
527 1625 574 1677 est
595 1618 698 1677 vivere
719 1626 749 1678 et
763 1619 794 1677 id
810 1618 955 1690 tribuisti,
977 1619 1146 1692 quodcum
1163 1618 1234 1678 ieris

262 1705 333 1762 rnihi
349 1710 379 1761 et
392 1701 573 1761 animalibus
587 1700 770 1775 quibusdam
784 1702 930 1773 minimis,
946 1701 1129 1776 quibusdam
1145 1702 1235 1762 etiam

262 1786 448 1846 foedissimis
470 1801 629 1844 commune
650 1792 711 1843 est:
737 1786 799 1845 noli
817 1784 869 1843 tibi
889 1786 1048 1861 adserere,
1074 1786 1159 1859 quod
1176 1801 1235 1846 non

263 1884 302 1928 ex
318 1869 377 1927 tuis
393 1868 565 1941 beneficiis,
588 1869 677 1927 etiam
693 1867 760 1927 sine
774 1869 833 1927 tuis
850 1868 974 1926 oritur.“

235 1966 248 2014 l
322 1952 426 2012 XXXI.
450 1952 524 2010 Puta
539 1967 587 2010 me
598 1951 689 2010 vitam
702 1968 759 2025 pro
772 1950 832 2009 vita
844 1951 1030 2009 reddidisse:
1053 1951 1099 2011 sic
1110 1963 1235 2027 quoque

262 2052 373 2094 munus
394 2042 476 2094 tuum
496 2036 570 2108 vici,
594 2051 662 2093 cum
677 2050 734 2109 ego
751 2034 886 2093 dederim
902 2033 1058 2104 sentienti,
1081 2050 1149 2094 cum
1167 2052 1235 2095 sen-

261 2120 339 2178 tiens
355 2134 403 2177 me
418 2121 507 2192 dare,
530 2134 597 2175 cum
613 2119 702 2176 vitam
719 2117 771 2176 tibi
787 2133 848 2175 non
864 2118 1028 2190 voluptatis
1041 2134 1127 2177 meae
1139 2134 1236 2178 causa

262 2211 313 2260 aut
335 2210 416 2261 certe
437 2218 491 2275 per
511 2202 697 2273 voluptatem
720 2199 872 2273 dederim,
896 2215 963 2258 cum
983 2208 1066 2259 tauto
1080 2202 1181 2261 maius
1197 2203 1236 2260 sit

261 2286 391 2342 retinere
407 2283 544 2356 spiritum
561 2299 650 2356 qtram
665 2282 822 2356 accipere,
839 2290 952 2357 quanto
968 2284 1065 2342 levius
1077 2285 1154 2343 mori
1166 2290 1237 2343 ante

233 2366 366 2425 amomis
389 2374 511 2424 metum.
546 2366 611 2439 Ego
626 2366 717 2424 vitam
734 2366 805 2424 dedi
821 2367 919 2425 statim
935 2367 1112 2426 illaesum:
1133 2373 1167 2426 tu
1183 2381 1234 2425 ne-

263 2450 376 2507 scituro
397 2465 435 2507 an
457 2449 581 2507 viveret.
616 2464 673 2521 ogo
696 2451 788 2507 vitam
805 2448 877 2507 dedi
897 2457 1022 2508 mortem
1043 2448 1176 2508 timenti:
1202 2456 1237 2509 tu

262 2530 353 2589 vitam
376 2532 500 2605 dedisti,
522 2540 556 2590 ut
570 2533 645 2590 mori
661 2548 797 2606 possem.
826 2547 883 2604 ego
900 2531 990 2590 vitam
1005 2531 1057 2591 tibi
1075 2532 1146 2590 dedi
1163 2548 1235 2591 con·

263 2622 456 2688 suminatam,
481 2617 661 2690 perlectam:
683 2624 715 2674 tu
727 2631 775 2673 me
787 2621 944 2688 expertem
955 2616 1080 2674 rationis
1091 2614 1235 2688 genuisti,

233 2703 340 2759 Sonus
357 2700 498 2758 alienum.
531 2698 588 2759 Vis
605 2700 698 2772 scire,
722 2714 812 2772 quam
829 2713 890 2755 non
906 2699 945 2757 sit
958 2714 1099 2771 magnum
1119 2698 1234 2757 benefi-

263 2783 341 2840 cium
364 2782 453 2839 vitam
474 2782 520 2840 sic
541 2782 635 2839 daret
667 2782 887 2853 exposuisses:
916 2797 1025 2855 nempe
1046 2781 1155 2840 iniuria
1172 2786 1236 2840 crat

262 2863 416 2936 genuisse.
451 2863 516 2934 Quo
533 2862 654 2936 quidem
672 2864 780 2935 colligo
796 2864 950 2923 minimum
965 2879 1036 2923 esse
1051 2864 1235 2923 beneficium

263 2945 357 3019 patris
377 2944 544 3018 matrisque
567 2946 773 3018 concubitum,
797 2947 854 3006 nisi
875 2948 1062 3007 accesserint
1079 2948 1138 3005 alia
1155 2962 1235 3021 quae

261 3036 524 3102 prosequerentur
537 3029 596 3087 hoc
611 3028 724 3087 initium
740 3030 873 3089 muneris
890 3038 919 3089 et
933 3031 999 3088 aliis
1012 3030 1121 3089 olficiis
1133 3039 1234 3090 ratum

231 3112 405 3170 dlacerent.
440 3111 506 3171 Non
530 3118 576 3169 est
596 3112 707 3170 bonum
731 3113 847 3185 vivere,
877 3114 934 3171 sed
955 3114 1034 3171 bene
1054 3112 1174 3172 vivere:
1205 3120 1236 3172 at

262 3195 340 3254 benc
355 3195 442 3267 vivo,
464 3195 520 3255 sed
536 3196 620 3269 potui
636 3202 665 3254 et
680 3196 773 3253 male:
802 3197 843 3255 ita
862 3195 922 3254 hoc
943 3202 1058 3255 tantum
1073 3202 1120 3255 est
1138 3201 1234 3270 tuum,

262 3279 346 3352 quod
363 3280 443 3338 vivo.
479 3276 512 3337 Si
525 3279 616 3337 vitam
631 3278 753 3353 inputas
770 3278 841 3337 milri
859 3294 973 3352 perse,
996 3280 1123 3349 nudam,
1142 3292 1235 3352 egen·

260 3370 321 3420 tem
338 3362 456 3423 consilii
471 3368 500 3419 et
513 3362 542 3419 id
555 3370 588 3420 ut
599 3378 740 3435 magnum
752 3361 864 3421 bonum
877 3362 986 3421 iactas:
1010 3362 1109 3435 cogita
1119 3365 1149 3419 le
1161 3362 1235 3421 milri

233 3454 249 3503 5
262 3443 400 3519 inputare
421 3460 594 3503 muscarum
615 3460 651 3502 ac
665 3444 811 3504 vermium
827 3446 949 3504 bonum.
982 3445 1099 3504 Deinde
1113 3450 1146 3501 ul
1161 3444 1235 3505 nibil

262 3528 342 3586 aliud
360 3528 457 3586 dicam
475 3543 565 3599 quam
580 3528 668 3585 bonis
686 3527 800 3587 artibus
815 3544 864 3585 me
876 3528 1047 3600 studuisse,
1067 3534 1100 3586 ut
1111 3543 1235 3588 cursum

261 3610 301 3665 ad
312 3615 426 3668 reolum
438 3610 494 3668 iter
506 3610 584 3668 vitae
597 3609 770 3682 dirigerem,
786 3611 815 3668 in
828 3611 897 3683 ipso
909 3610 1058 3669 beneficio
1070 3617 1122 3669 tuo
1134 3612 1234 3671 maius

261 3705 352 3765 quam
373 3693 457 3766 quod
478 3692 609 3752 dederas
630 3692 783 3768 recepisti.
815 3700 849 3753 tu
869 3693 949 3753 enim
969 3709 1018 3754 me
1033 3685 1112 3753 mihi'
1124 3694 1235 3755 rudem
