2942 4384
324 444 385 509 278
632 448 665 507 L.
686 447 833 508 ANNAEI
855 446 1029 507 SENECAE

293 596 448 665 aliberius
470 598 562 659 undis
582 604 702 657 vacant.
736 614 813 671 quas
837 598 910 672 quid
928 604 1011 657 vetat
1031 598 1090 657 illic
1106 596 1257 659 fluctuare
1271 607 1300 659 et

326 683 437 753 ventu,
464 698 543 755 quos
569 698 659 742 omne
684 682 873 739 intervallum
897 689 1042 740 terrarum
1067 689 1097 741 et
1121 683 1221 741 omnis
1248 699 1299 741 aer

325 772 421 835 creat,
437 765 561 839 inpelli?
582 772 684 838 potest
699 780 773 837 ergo
789 767 885 822 maior
900 765 990 823 solito
1007 772 1113 822 exorta
1130 773 1298 839 tempestas

325 848 455 923 aliquam
479 856 596 922 partem
618 856 764 906 terrarum
782 848 932 921 inpulsam
949 847 1157 907 vehementIus
1174 863 1296 907 conmo-

326 947 405 989 vere.
437 948 505 989 nam
528 930 609 1003 apud
630 948 687 989 nos
703 946 828 1004 quoque
842 932 948 1000 multa,
972 946 1051 1003 quae
1066 931 1175 1003 procul
1191 933 1297 990 amari

325 1017 457 1084 l‘uerant,
486 1014 586 1073 subito
608 1014 673 1073 eius
694 1029 823 1071 accessu
851 1013 1074 1086 vapulaverunt
1098 1020 1129 1072 et
1152 1014 1242 1073 villas
1267 1016 1297 1072 in

325 1105 491 1170 prospectu
510 1098 685 1156 conlocatas
708 1096 834 1167 fluetus,
862 1095 913 1169 qui
928 1097 1018 1169 longe
1032 1096 1226 1167 audiebatur,
1254 1098 1296 1155 in-

325 1180 411 1239 vasit.
441 1180 504 1239 illie
521 1196 645 1255 quoque
661 1187 763 1254 potest
781 1180 927 1237 recedere
942 1194 977 1236 ac
992 1194 1152 1251 resurgere
1167 1180 1296 1253 pelagus

325 1263 489 1334 iniernum,
507 1280 635 1338 quorum
648 1272 785 1322 neutrum
800 1262 833 1319 fit
848 1263 914 1320 sine
929 1270 1012 1321 motu
1026 1263 1297 1335 superstantium.“

295 1359 307 1408 t
385 1346 465 1405 Viil.
500 1346 565 1404 Non
589 1346 710 1421 quidem
732 1344 872 1403 existimo
894 1344 947 1403 diu
966 1353 995 1404 te
1016 1343 1234 1403 haesitaturum
1257 1361 1293 1404 an

325 1429 434 1488 eredas
456 1444 526 1488 esse
546 1429 763 1491 subterraneos
785 1444 890 1487 amnes
908 1434 938 1486 et
962 1442 1045 1485 mare
1066 1427 1294 1487 absconditumr

324 1512 406 1570 unde
431 1511 511 1569 enim
532 1513 590 1571 ista
615 1518 799 1586 prorepunt,
823 1512 904 1569 unde
928 1512 967 1569 ad
993 1526 1051 1569 nos
1077 1510 1217 1582 veniunt,
1237 1511 1295 1570 nisi

292 1595 407 1669 aquod
429 1594 514 1667 origo
535 1595 670 1655 humoris
686 1594 803 1653 inclusa
818 1600 886 1653 esti
906 1595 988 1666 Age,
1014 1609 1083 1652 cum
1103 1595 1192 1653 vides
1205 1594 1306 1653 inter-s

322 1683 444 1751 ruptum
458 1678 568 1749 Tigrim
587 1678 617 1735 in
633 1678 732 1735 medio
746 1678 853 1734 itinere
874 1677 981 1736 siccari
997 1683 1026 1735 et
1040 1693 1100 1735 non
1116 1678 1295 1737 universum

324 1760 433 1831 averti,
455 1760 511 1817 sed
527 1760 669 1833 paulatim
684 1776 745 1818 non
761 1760 978 1833 adparentihus
993 1760 1111 1819 damnis
1125 1760 1219 1819 minui
1235 1760 1295 1834 pri-

325 1859 420 1914 mum,
442 1843 552 1905 deinde
568 1842 721 1915 consumi,
745 1857 806 1916 quo
819 1844 900 1901 illum
917 1850 1005 1916 putas
1022 1843 1106 1902 abire
1121 1843 1178 1902 nisi
1194 1844 1224 1900 in
1242 1844 1296 1903 oh·-

324 1941 415 1984 scura
429 1932 590 2001 terrarum,
610 1927 714 1998 utique
731 1941 799 1984 cum
819 1926 924 1984 videas
940 1941 1095 1998 emergere
1109 1928 1218 1986 iterum
1235 1943 1295 1986 non

324 2010 468 2068 minorem
481 2025 532 2082 eo,
549 2010 600 2083 qui
615 2011 696 2082 prior
708 2008 859 2067 fluxerat?
874 2007 951 2080 Quid
963 2024 1030 2068 cum
1043 2009 1130 2067 vides
1141 2009 1294 2083 Alpheon,

325 2092 508 2150 celebratum
531 2091 647 2166 poclm,
669 2092 698 2149 in
722 2092 838 2150 Achaia
861 2090 956 2163 mergi
976 2098 1006 2150 et
1024 2091 1053 2147 in
1070 2090 1174 2150 Sicilia
1187 2108 1295 2151 rursus

324 2175 488 2235 translacio
504 2176 579 2233 mari
594 2175 751 2233 effundere
766 2174 1013 2232 amoenissimum
1036 2175 1148 2233 iontem
1164 2175 1293 2234 Arethu-

295 2260 412 2315 asam?
441 2258 548 2317 Nescis
573 2265 673 2316 autem
699 2258 776 2314 inter
801 2256 978 2330 opinioneS,
1002 2258 1112 2329 quibus
1138 2266 1294 2317 enarratur

323 2339 380 2397 Nili
397 2340 514 2398 aestiva
530 2340 703 2411 inundatio,
725 2345 755 2397 et
768 2338 846 2397 hanc
861 2354 949 2411 esse,
970 2355 989 2397 a
1005 2346 1084 2397 terra
1097 2340 1181 2398 illum
1196 2357 1292 2400 erum-

324 2438 398 2494 pere
419 2429 448 2481 et
464 2422 568 2495 augeri
587 2438 647 2480 non
666 2421 808 2495 supernis
823 2422 926 2495 aquiS,
946 2424 1001 2481 sed
1022 2438 1060 2480 ex
1076 2422 1178 2482 intimo
1195 2424 1293 2481 reddi-

324 2506 391 2563 tisl'
411 2504 476 2578 Ego
494 2506 617 2579 quidem
638 2505 832 2565 centuriones
854 2505 948 2578 duos,
970 2521 1050 2579 quos
1070 2506 1150 2566 Nero
1172 2506 1293 2578 Caesar,

323 2594 356 2647 ut
376 2587 499 2647 aliarum
521 2589 661 2649 virtutum
684 2589 724 2648 ita
744 2588 878 2646 veritatis
892 2588 920 2646 in
937 2587 1041 2662 primis
1057 2589 1292 2660 amantissimus,

324 2672 363 2729 ad
384 2672 629 2745 investigandum
656 2680 748 2745 caput
766 2670 824 2729 Nili
847 2670 984 2741 miserat,
1010 2671 1111 2730 audivi
1136 2679 1292 2730 narrantes

323 2755 446 2827 longum
467 2756 535 2814 illos
557 2757 612 2814 iter
634 2754 805 2828 peregisse,
832 2769 900 2812 oum
920 2770 938 2811 a
956 2769 1028 2827 rege
1047 2754 1230 2828 Aethiopiae
1251 2754 1293 2811 in·

324 2838 429 2895 structi
454 2838 566 2897 auxilio
592 2836 856 2909 commendatique
878 2837 1025 2909 proximis
1050 2838 1176 2911 regibus
1201 2851 1291 2910 pene-

291 2915 457 2977 ltrassent
471 2919 509 2977 ad
526 2920 676 2978 ulteriora.
694 2920 775 2994 „[Et]
792 2920 929 2992 quidem,
944 2919 1080 2992 aiebant,
1097 2920 1292 2993 pervenimus

324 3002 363 3059 ad
375 3002 528 3059 inmensas
552 3003 695 3076 paludes,
719 3018 847 3075 quarum
862 3004 973 3062 exilum
990 3018 1046 3061 nec
1062 3002 1181 3061 incolae
1201 3017 1292 3061 nove-

322 3092 391 3143 rant
410 3099 467 3143 nee
489 3100 615 3158 sperare
636 3085 798 3159 quisquam
819 3092 935 3159 potest:
961 3084 1002 3144 ila
1022 3086 1184 3159 inplicatae
1204 3083 1292 3158 aquis

322 3168 437 3227 herbae
457 3175 528 3227 sunt
547 3176 576 3228 et
595 3184 694 3242 aquae
715 3183 815 3242 neque
837 3169 929 3242 pediti
946 3169 1120 3228 eluctabiles
1137 3184 1194 3227 nec
1210 3168 1292 3226 navi-

323 3251 389 3325 gio‘,
416 3253 499 3326 quod
520 3252 577 3310 nisi
597 3268 723 3326 parvum
746 3252 885 3310 etunius
906 3266 1003 3324 capax
1026 3252 1134 3310 limosa
1150 3259 1180 3311 et
1194 3251 1294 3310 obsita

324 3336 411 3407 palus
438 3336 596 3394 nonlerat.
630 3336 688 3407 lbi,
716 3335 826 3409 inquit,
855 3335 983 3393 vidimus
1006 3335 1083 3393 duas
1110 3343 1228 3409 petraS,
1244 3337 1293 3391 'ex

292 3425 308 3476 5
327 3417 437 3489 quibus
458 3419 565 3491 ingens
588 3416 633 3477 vis
653 3418 785 3476 fluminis
807 3418 998 3476 excidebat.“
1031 3416 1093 3476 Sed
1115 3418 1181 3476 sive
1202 3422 1295 3490 eaput

323 3501 373 3559 illa
387 3502 453 3559 sive
468 3501 606 3559 accessio
623 3507 669 3560 est
682 3501 754 3571 Nili,
777 3501 842 3560 sive
862 3508 932 3560 tunc
956 3501 1089 3559 nascitur
1109 3500 1219 3559 sivein
1235 3506 1292 3557 ter·

323 3600 374 3641 ras
391 3599 429 3643 ex
447 3583 549 3658 priore
563 3592 691 3657 recepta·
708 3600 801 3643 cursu
814 3584 907 3643 redit:
925 3600 1027 3643 nonne
1043 3593 1074 3643 tu
1087 3583 1187 3643 eredis
1202 3584 1291 3651 illam,

325 3665 472 3742 quicquid
500 3674 565 3741 est,
598 3683 638 3728 ex
670 3682 781 3742 magno
807 3675 955 3727 terrarum
984 3667 1054 3726 lacu
1086 3666 1295 3727 adscenderet
