2942 4384
354 442 406 504 DE
427 443 638 506 BENEFICIIS
659 444 796 505 cmvi.
822 452 953 506 m—m.
1080 440 1141 507 121

164 600 227 657 tam
242 593 338 654 multa
352 592 546 667 generabant.
583 592 732 667 Cogitavit
749 610 806 653 nos
821 599 890 652 ante
905 600 1027 665 natura,
1051 610 1141 668 quam

165 679 254 751 lecit,
276 692 335 737 nec
358 685 415 736 tam
431 677 499 736 leve
513 693 593 751 opus
609 693 730 750 sumus,
754 684 786 735 ut
799 676 840 735 illi
857 676 1044 751 potuerimus
1060 678 1141 737 exci-

166 762 252 821 dere.
289 760 369 819 Vide
391 768 536 834 quantum
556 760 646 819 nobis
675 759 859 835 permiserit,
882 776 971 833 quam
989 776 1051 819 non
1066 760 1172 823 intrati

165 842 309 903 homines
329 842 452 901 bomani
472 843 589 918 imperii
609 842 749 903 condicio
771 843 819 902 sit.
855 843 927 901 uide
946 843 975 901 in
997 851 1143 915 quantum

166 925 352 1001 corporibus
367 926 470 998 vagari
484 927 587 996 liceat,
604 942 683 1001 quae
695 942 756 984 non
769 925 903 985 coercuit
913 926 974 984 fine
985 933 1142 998 terrarum,

166 1010 224 1069 sed
240 1024 362 1069 omnem
383 1008 412 1065 in
429 1017 542 1083 partem
558 1008 606 1067 sui
621 1008 710 1069 misit
739 1009 809 1067 vide
824 1008 914 1067 animi
930 1016 1075 1083 quantum
1090 1025 1143 1068 au-

166 1092 275 1165 deant,
306 1092 560 1165 quemadmodum
582 1094 639 1151 soli
661 1099 713 1151 aut
734 1092 873 1151 noverint
893 1093 969 1152 deos
984 1101 1036 1153 aut
1050 1107 1143 1166 quae·

165 1182 236 1235 rant
248 1181 281 1233 el
296 1180 396 1233 mente
410 1175 440 1233 in
456 1175 548 1234 altum
563 1175 633 1234 data
647 1176 749 1233 divina
769 1176 962 1235 comitentur:
985 1176 1142 1235 sciesmon

167 1272 240 1317 esse
261 1257 413 1315 hominem
436 1257 664 1317 tumultuarium
681 1264 712 1316 et
726 1259 922 1331 incogitatum
939 1274 1028 1332 opus.
1064 1259 1171 1318 Interl

166 1340 301 1399 maxima
312 1356 414 1399 rerum
428 1356 552 1399 suarum
566 1347 674 1399 natura
688 1341 761 1399 nihil
775 1340 876 1411 habet,
893 1357 954 1414 quo
967 1341 1063 1415 magis
1078 1341 1142 1414 glo-

165 1424 263 1482 rietur
276 1431 328 1482 aut
343 1430 424 1482 certe
439 1423 487 1481 cui
502 1424 659 1496 glorietur=
678 1430 818 1498 quantus
834 1424 891 1483 iste
910 1426 993 1481 luror
1007 1432 1055 1483 est
1070 1438 1142 1482 con·

166 1506 350 1566 troverslam
372 1506 420 1564 dis
443 1506 576 1565 muneris
597 1508 644 1565 sui
666 1508 789 1566 laceret
816 1507 972 1580 quomodo
992 1506 1143 1565 adversus

166 1604 223 1649 eos
245 1587 295 1646 bic
315 1589 371 1647 erit
392 1595 512 1661 gratus,
536 1589 646 1663 quibus
667 1591 764 1663 gratia
784 1590 890 1649 referri
911 1589 977 1649 sine
997 1588 1143 1664 inpendio

166 1687 229 1731 uon
247 1677 362 1745 potest,
387 1671 438 1746 qui
452 1677 543 1746 negat
559 1688 593 1731 se
609 1672 647 1732 ab
662 1674 699 1732 iis
714 1672 892 1746 accepisse,
912 1673 1058 1748 aquibus
1074 1687 1142 1733 curn

166 1752 301 1814 maxime
320 1753 446 1828 accipit,
469 1754 521 1829 qui
542 1763 571 1814 et
593 1771 714 1830 semper
735 1756 834 1816 daturi
850 1765 920 1816 sunt
935 1764 965 1816 et
978 1771 1141 1831 numquam

165 1837 342 1910 recepturis
373 1845 485 1911 quanta
507 1844 606 1898 autern
627 1840 811 1912 perversitas
833 1838 872 1900 ob
893 1840 953 1899 hoc
974 1840 1063 1899 alicui
1081 1847 1171 1901 nonss

167 1919 299 1993 debere,
321 1921 393 1994 quia
407 1922 495 1980 etiam
510 1922 646 1980 infitianti
663 1922 812 1996 benignus
824 1929 884 1994 est,
900 1931 930 1983 et
942 1922 1141 1983 continuatio-

167 2018 239 2062 nem
258 2002 358 2077 ipsam
380 2004 552 2078 seriemque
573 2004 789 2063 beneficiorum
805 2014 1015 2079 argumentum
1030 2020 1142 2063 vocare

166 2086 346 2146 necessario
358 2086 479 2146 dantis?
506 2088 613 2160 „Nolo-
632 2088 688 2146 sibi
701 2088 819 2146 lrabeat.
840 2088 1002 2161 quis‘illum
1014 2090 1142 2160 rogatt“

166 2176 197 2227 et
217 2183 327 2227 omnes
347 2169 424 2228 alias
446 2168 621 2244 inpudentis
639 2171 730 2229 animi
747 2187 840 2229 voces
856 2172 903 2229 his
919 2173 1058 2229 adstrue=
1081 2185 1142 2228 non

166 2251 239 2310 ideo
254 2251 294 2310 de
308 2257 339 2309 te
354 2244 453 2312 minus
468 2253 655 2326 merereris,
672 2256 759 2313 cuius
774 2255 938 2313 liberalitas
953 2255 993 2313 ad
1008 2250 1143 2311 le‘etiam

167 2334 241 2393 dum
255 2347 351 2407 negas
367 2338 506 2408 pervenit
520 2337 670 2412 cuiusque
684 2338 902 2397 beneficiorum
916 2340 966 2397 vel
976 2338 1036 2397 hoc
1048 2336 1142 2395 mard-

166 2432 251 2476 mum
264 2423 327 2490 est,
350 2419 537 2491 quodetiam
554 2421 691 2498 querenti
707 2421 834 2480 daturus
849 2428 905 2480 est.

228 2498 336 2558 XXIV.
357 2501 423 2559 Non
440 2501 542 2574 vides,
560 2504 816 2577 quemadmodum
831 2510 965 2562 teneram
980 2502 1141 2561 liberorum
1160 2514 1172 2565 t

167 2582 323 2641 inlantiam
337 2592 479 2657 parentes
485 2585 523 2643 ad
537 2585 702 2646 salubrium
717 2602 817 2644 rerum
829 2585 1002 2660 patientiam
1011 2590 1143 2657 cogant?

165 2664 316 2725 Flentiom'
336 2682 466 2741 corpora
486 2683 523 2726 ac
543 2669 775 2742 repugnantium
798 2667 932 2740 diligenti
948 2682 1022 2726 cura
1038 2667 1143 2724 fovent

166 2756 198 2807 et
217 2762 258 2805 ne
281 2749 414 2807 membra
434 2749 556 2809 libertas
583 2750 732 2809 inmatura
753 2750 946 2823 detorqueat,
975 2749 1005 2807 in
1026 2755 1142 2807 rectum

166 2830 287 2890 exitura
308 2833 531 2905 constringunt,
558 2840 588 2893 et
608 2850 679 2894 mox
704 2833 840 2892 liberalia
865 2834 965 2892 studia
991 2832 1144 2890 inculcant

166 2912 304 2973 adhibito
325 2914 431 2973 timore
451 2916 633 2975 nolentibus.
663 2917 701 2976 ad
724 2916 859 2976 ultimum
874 2918 1021 2975 audacem
1037 2916 1143 2974 iuven-

167 3002 228 3055 tam
248 2997 425 3077 frugalitati,
446 2999 570 3071 pudori,
592 3000 727 3058 moribus
748 3001 852 3071 bonis,
876 3001 901 3059 si
918 3016 1023 3073 parum
1039 2998 1141 3071 sequi·

166 3087 232 3149 tur,
254 3087 392 3138 coactam
414 3082 575 3154 adplicant.
612 3083 868 3141 Adulescentibus
891 3097 1016 3155 quoque
1030 3096 1066 3139 ac
1084 3082 1171 3146 lama

167 3162 345 3236 potentibus
366 3163 428 3235 sui,
455 3166 481 3223 si
502 3166 637 3223 remedia
660 3174 741 3224 metu
763 3174 814 3225 aut
834 3164 1064 3237 intemperantia
1083 3163 1142 3219 rei·

167 3246 265 3315 ciunt,
296 3244 343 3304 vis
369 3245 527 3306 adhibetur
552 3263 588 3306 ac
616 3249 756 3306 servitus.
798 3247 904 3318 ltaque
924 3244 1141 3303 beneficiorum

166 3328 300 3386 maximo
324 3335 408 3397 sunt,
438 3346 516 3403 utrae
541 3346 559 3389 a
584 3330 760 3404 parentibus
786 3327 970 3402 accipimus,
999 3328 1071 3385 dum
1092 3334 1143 3385 aut

167 3411 325 3470 nescimus
339 3419 391 3471 aut
406 3415 556 3473 nolumus.

228 3493 323 3553 XXV.
352 3496 407 3554 llis
436 3496 561 3569 ingratis
582 3503 613 3555 et
633 3492 865 3569 repudiantibus
888 3494 1052 3566 beneficia,
1081 3501 1169 3552 nont

168 3577 240 3649 quio
254 3577 376 3649 nolunt,
394 3579 448 3637 sed
468 3594 507 3637 ne
518 3580 664 3651 debeant,
681 3579 795 3638 similes
811 3586 881 3638 sunt
896 3594 935 3637 ex
946 3578 1069 3636 diverso
1084 3575 1141 3634 ni·
1212 3579 1215 3583 ’

168 3659 368 3736 misgrati,
392 3661 455 3736 qui
471 3662 623 3737 aliquid
645 3662 876 3723 incommodi
900 3659 1057 3735 precari
1078 3674 1141 3720 so·
