2942 4384
280 469 342 532 102
560 468 594 529 L.
616 466 763 526 ANNAEI
784 464 959 525 SENECAE

276 620 421 695 perisset,
441 618 577 678 victurus
597 632 657 674 non
675 615 738 674 tuit
766 614 901 688 prosius
917 612 1241 675 vitabeneiiciumnon

275 705 386 775 debes,
409 702 496 760 cuins
510 701 599 759 vitam
614 707 683 758 tuae
697 700 856 772 praeierst
882 697 1061 756 Etiamnunc
1074 712 1144 756 cum
1157 699 1242 759 fitium

274 794 356 845 tunm
371 785 507 856 servavi,
532 784 570 841 ad
584 798 683 855 genua
700 780 890 854 procumbis,
911 780 959 838 dis
975 788 1045 839 vota
1062 782 1162 840 solvis
1177 790 1241 841 tam

246 880 364 942 aoniam
386 870 453 941 ipse
474 873 624 925 servatus.
661 865 732 922 litae
757 878 851 922 voces
872 870 985 921 exeunt
1005 863 1074 921 tibt=
1103 863 1185 922 Nihil
1205 866 1241 923 ia·

273 960 365 1011 terest
385 966 467 1021 mea,
490 966 528 1008 an
550 963 598 1007 me
618 947 801 1005 servaveris.
831 946 910 1004 duos
926 945 1070 1004 servasti:
1094 945 1188 1005 immo
1202 961 1243 1003 me

273 1035 378 1106 magis.
413 1033 511 1105 Quare
526 1032 584 1090 ista
598 1030 691 1101 dicis,
707 1030 732 1088 si
745 1045 806 1088 non
819 1029 933 1101 accipis
943 1028 1150 1087 beneficium?
1179 1030 1243 1103 quia

273 1125 301 1174 et
322 1117 347 1174 si
369 1116 448 1173 fitius
470 1130 557 1173 meus
580 1114 739 1188 pecuniam
755 1119 886 1171 mutuam
903 1110 1083 1185 sumpserit,
1104 1110 1260 1170 creditori·

272 1199 454 1269 numerabo,
476 1206 650 1258 nontamen
667 1197 736 1256 ideo
754 1210 811 1267 ego
824 1195 969 1253 debuero.
1002 1194 1074 1267 quia
1086 1195 1156 1252 etsi
1169 1194 1242 1252 titius

272 1297 358 1340 rneus
374 1282 403 1339 in
418 1281 566 1340 adulterio
582 1279 793 1352 deprehensus
806 1277 875 1346 erit,
892 1278 1087 1347 erubescam,
1103 1292 1167 1336 non
1178 1277 1242 1335 ideo

242 1375 328 1438 dego
350 1380 403 1424 ero
424 1365 551 1423 adulter.
587 1364 662 1421 Dico
684 1377 732 1419 me
755 1360 805 1418 tibi
829 1358 992 1432 obligatum
1014 1376 1070 1433 pro
1086 1360 1167 1432 titio,
1187 1374 1242 1418 non

272 1449 342 1521 quia
358 1464 439 1516 sum,
464 1448 519 1505 sed
536 1448 606 1520 quia
621 1445 691 1503 volo
707 1460 754 1501 me
769 1443 880 1502 offerre
895 1443 946 1501 tibi
959 1442 1129 1501 debitorem
1142 1444 1242 1503 volun·

270 1532 387 1589 tarium.
423 1531 464 1587 At
486 1529 624 1602 pervenit
643 1527 681 1584 ad
702 1542 751 1584 me
774 1542 891 1585 summa
905 1542 943 1584 ex
958 1524 1167 1586 incolumitate
1181 1527 1242 1585 eius

270 1616 428 1685 votuptaS,
452 1626 570 1669 summa
584 1610 695 1668 utititas
711 1617 741 1668 et
756 1609 891 1668 orbitatis
906 1608 1122 1681 gravissimum
1134 1611 1242 1667 volnus

270 1695 373 1767 eiiugi.
409 1690 474 1751 Non
492 1692 645 1765 quaeritur
660 1708 755 1762 nunc,
781 1708 819 1751 an
843 1692 993 1765 profueris
1015 1685 1111 1761 mihi,
1130 1693 1188 1751 sed
1207 1707 1241 1750 an

271 1775 451 1835 beneficium
474 1775 605 1833 dederis.
640 1776 766 1848 prodest
787 1776 866 1833 enim
887 1783 917 1834 et
936 1775 1045 1840 animai
1065 1783 1096 1833 et
1115 1775 1196 1848 lapis
1216 1780 1243 1832 et

270 1860 379 1928 herba,
397 1873 453 1916 nee
469 1867 565 1917 tamen
582 1857 765 1916 beneficium
780 1859 862 1929 dant,
878 1858 962 1931 quod
977 1873 1142 1931 numquam
1157 1859 1243 1917 'datur

241 1941 327 2007 anisi
343 1961 360 2001 a
375 1944 503 2001 volente.
538 1942 581 1999 Tu
598 1949 772 2000 autemnon
788 1941 835 2000 vis
849 1941 941 2015 patri,
963 1942 1017 1999 sed
1034 1940 1097 2000 titio
1110 1942 1195 2001 dare.
1215 1947 1243 1999 et

269 2026 385 2085 interim
407 2040 464 2083 neo
484 2024 564 2083 nosti
586 2024 708 2097 quidem
731 2031 855 2097 patrem:
889 2024 991 2097 itaque
1023 2039 1091 2082 cum
1113 2023 1240 2082 dixeris:

268 2108 347 2167 Patri
359 2123 432 2181 ergo
445 2106 626 2173 beneficium
639 2122 697 2165 non
711 2107 781 2165 dedi
792 2107 885 2165 fitium
899 2107 964 2166 eius
978 2107 1155 2166 servando?
1172 2123 1241 2166 con·

267 2201 312 2251 tra
334 2192 471 2265 obpone:
499 2190 577 2248 Patri
599 2205 672 2262 ergo
696 2188 876 2249 beneficium
892 2189 961 2248 dedi
978 2205 1067 2263 quem
1084 2206 1145 2249 non
1162 2190 1240 2261 novi,

269 2290 359 2348 quem
381 2290 441 2332 non
463 2272 613 2345 cogitavit
647 2272 683 2331 m
704 2272 800 2346 quid?
834 2272 916 2346 quod
931 2272 1096 2347 anquando
1112 2274 1240 2341 eveniet,

268 2364 301 2415 ut
323 2364 436 2430 patrem
457 2355 575 2427 oderis,
597 2354 690 2413 fitium
705 2369 827 2414 serves:
850 2354 1030 2414 beneficium
1044 2354 1073 2413 ei
1089 2356 1240 2415 videberis

238 2438 407 2509 8dedisse,
430 2438 478 2496 cui
497 2444 567 2496 tunc
584 2437 810 2499 inimicissimus
825 2454 894 2498 erats
910 2455 977 2498 cum
993 2439 1105 2497 darest
1133 2438 1196 2498 Sed
1210 2445 1242 2498 ut

268 2521 457 2595 dialogorum
481 2521 675 2580 altercatione
690 2521 825 2594 seposita
841 2530 990 2596 tamquam
1006 2520 1240 2581 iurisconsultus

268 2606 485 2678 respondeam,
512 2620 615 2663 mens
637 2605 852 2676 spectanda
873 2613 933 2664 est
953 2604 1097 2664 dantis:
1126 2605 1239 2663 bene-

267 2687 398 2747 ficium
427 2688 460 2746 ei
487 2687 608 2759 dedit,
636 2685 694 2746 cui
722 2688 846 2747 datum
874 2688 1006 2747 voluit.
1042 2687 1068 2747 si
1092 2688 1122 2746 in
1147 2688 1240 2761 patris

266 2771 412 2831 bonorem
429 2770 518 2839 iecit,
536 2778 620 2842 pater
634 2769 752 2843 accepit
763 2770 959 2845 beneficium:
982 2770 1038 2829 sed
1050 2777 1137 2843 pater
1148 2771 1239 2829 bene·

169 2878 173 2881 ·
267 2853 336 2911 ficio
359 2852 387 2909 in
412 2852 505 2908 fitium
526 2853 636 2910 collato
658 2869 717 2910 non
742 2853 906 2925 obligatur,
929 2853 1046 2911 etiamsi
1061 2854 1178 2912 fruitur.
1214 2854 1239 2913 si

266 2942 366 2993 tamen
388 2933 581 2991 occasionem
605 2934 755 3004 habuerit,
773 2938 859 2994 notet
879 2944 910 2995 et
930 2937 998 3009 ipse
1016 2944 1172 3009 praestare
1187 2936 1239 2995 ati·

267 3015 355 3090 qnid,
379 3032 439 3073 non
461 3024 614 3089 tamquam
637 3017 777 3076 solvendi
798 3020 1010 3078 necessitatem
1030 3019 1155 3090 habeat,
1183 3020 1238 3079 sed

265 3107 416 3172 tanaquant
438 3099 602 3173 incipiendi
623 3115 746 3158 causam
791 3102 898 3175 Repeti
919 3118 938 3159 a
959 3110 1043 3175 patre
1056 3101 1239 3162 beneficium

265 3198 325 3240 non
347 3182 446 3244 debet.
477 3183 592 3257 siquid
615 3198 670 3257 pro
690 3184 749 3243 hoc
769 3184 897 3257 benigne
919 3184 1005 3257 iacit,
1034 3185 1148 3258 iustus,
1177 3202 1239 3245 non

236 3271 366 3338 agnatus
382 3272 437 3325 est.
473 3265 547 3325 Nam
562 3266 635 3326 ittud
649 3266 727 3324 finiri
743 3283 802 3326 non
820 3274 934 3340 potest=
957 3268 983 3326 si
1001 3267 1075 3341 patri
1090 3268 1131 3326 do
1148 3268 1237 3327 bene·

265 3348 382 3418 ficium,
406 3354 436 3407 et
450 3350 536 3409 matri
552 3355 581 3408 et
598 3366 658 3431 avo
671 3358 700 3408 et
714 3350 867 3409 avancnto
881 3358 910 3409 et
925 3350 1027 3410 tiberis
1039 3357 1069 3411 et
1084 3350 1238 3411 adtinibus

264 3440 294 3491 et
309 3431 414 3490 amicis
429 3440 459 3490 et
474 3432 572 3490 servis
588 3440 617 3490 et
636 3434 759 3505 patriae.
786 3432 835 3491 ubi
850 3448 923 3506 crgo
937 3433 1118 3492 beneficium
1134 3434 1239 3508 incipit

264 3521 366 3573 staret
397 3514 507 3574 sorites
531 3514 609 3572 enim
631 3514 680 3572 nte
698 3515 918 3588 inexplicabilis
934 3516 1028 3589 subit,
1049 3516 1098 3576 cui
1114 3517 1238 3576 difficile

264 3603 312 3655 est
331 3598 454 3657 modum
473 3598 635 3672 inponere,
659 3600 730 3673 quia
744 3597 889 3672 paulatim
905 3600 1044 3675 subrepit
1057 3607 1088 3660 et
1107 3616 1168 3662 non
1184 3601 1240 3660 de·

265 3678 337 3737 sinit
354 3695 488 3755 serpere.
