2942 4384
488 690 524 771 b.
547 687 686 771 ANNdlil
711 686 882 770 SEMGAB
952 691 956 702 '

549 839 599 889 ΑΙ)
627 838 819 890 Luciumue

194 901 642 1056 miummm
689 954 1172 1060 uuiusrrourm

582 1117 715 1180 LIBER
742 1118 780 1179 11.

257 1396 281 1455 1.
304 1391 407 1455 Omnis
428 1394 467 1453 de
485 1395 630 1455 universo
646 1395 785 1469 quaestio
801 1395 829 1453 in
846 1394 1006 1467 coelestia,
1021 1393 1170 1468 subtimia,
1188 1404 1202 1454 1

196 1486 318 1539 terrena
329 1477 481 1538 dividitur.
509 1477 608 1536 Prima
630 1493 702 1551 pars
717 1486 852 1537 naturam
872 1479 1004 1537 siderum
1020 1485 1172 1536 scrutatur

194 1570 225 1621 et
235 1560 472 1634 magnitudinem
488 1568 517 1620 et
531 1562 656 1619 somnam
667 1560 790 1633 ignium,
807 1559 916 1634 quibus
932 1561 1062 1619 mundus
1076 1559 1170 1619 inciu-

195 1643 292 1717 ditur,
318 1641 490 1703 solidumne
510 1643 549 1701 sit
569 1644 686 1702 coelum
702 1657 737 1700 ac
752 1643 858 1702 firmae
873 1650 1094 1716 concretaeque
1109 1656 1170 1700 ma-

195 1726 291 1785 teriae
312 1741 351 1785 an
372 1740 411 1783 cx
435 1725 534 1784 subtili
555 1723 700 1798 tenuique
715 1741 842 1798 noxum,
859 1735 965 1800 agatur
979 1741 1017 1783 au
1033 1734 1116 1798 agat,
1142 1730 1172 1783 et
1265 1741 1268 1746 ·

195 1808 273 1868 inira
288 1823 360 1867 sese
375 1807 476 1867 sidera
495 1806 605 1866 habeat
619 1822 655 1865 an
671 1810 701 1865 r'n
716 1815 860 1868 contextu
875 1808 922 1867 sui
937 1808 1009 1878 fixa,
1026 1807 1170 1879 quemad·

194 1891 321 1951 modum
336 1890 406 1949 anni
420 1888 503 1948 vices
518 1897 629 1961 servet,
644 1890 740 1948 solem
747 1899 835 1949 retro
850 1888 961 1963 flectat,
975 1896 1076 1948 cetera
1088 1889 1171 1947 dein-

195 1988 271 2049 ceps
285 1973 403 2032 similia.
432 1971 575 2032 Secunda
595 1986 665 2045 pars
685 1978 794 2031 tractat
813 1972 890 2031 inter
909 1974 1028 2031 coetum
1048 1979 1203 2041 terram-2

195 2072 256 2131 que
269 2056 434 2115 versantia.
458 2054 507 2113 hic
521 2062 594 2115 sunt
606 2054 723 2127 nubila,
738 2054 866 2127 imbres,
888 2054 974 2114 nives
989 2059 1098 2125 [terrae
1110 2069 1169 2112 mo

193 2146 255 2212 tus,
267 2138 415 2215 fulgores]

239 2286 241 2290 ,
383 2229 412 2282 et
424 2222 570 2280 humanas
583 2228 698 2281 motura
711 2224 840 2281 tonitrua
851 2226 967 2291 mentes,

195 2318 409 2386 quaecumque
428 2319 481 2362 aer
502 2304 575 2362 iacit
595 2305 753 2378 patiturve.
779 2305 856 2363 haec
878 2304 1018 2363 sublimia
1032 2300 1170 2373 dicimus,

195 2388 269 2461 quia
283 2386 410 2446 editiora
424 2388 491 2445 imis
505 2394 585 2445 suut.
618 2388 717 2446 Tertia
738 2388 788 2446 iiia
809 2402 879 2461 pars
895 2387 934 2445 de
948 2387 1051 2458 aquis,
1072 2384 1170 2455 terris,

193 2469 345 2540 arbustis,
359 2469 434 2528 satis
449 2470 566 2542 quaerit
581 2475 624 2540 et,
640 2476 672 2529 ut
687 2471 969 2529 iurisconsultorum
986 2469 1079 2528 verbo
1095 2476 1170 2538 utar,

198 2552 240 2610 de
255 2552 405 2621 omuibus,
422 2566 521 2625 quae
537 2552 621 2611 soto
638 2554 894 2611 continentur.
921 2552 1112 2625 „Quomodo
1127 2550 1170 2607 in·
1185 2558 1203 2610 3

195 2634 283 2709 quis,
309 2634 348 2693 de
372 2642 519 2694 terrarum
537 2640 622 2692 motu
643 2635 853 2707 quaestionem
880 2647 916 2691 co
938 2632 1068 2706 posuisti
1092 2634 1171 2701 ioco,

194 2713 262 2791 quo'
280 2715 319 2774 de
340 2716 499 2775 tonitribus
513 2716 743 2791 fulgoribusque
758 2716 892 2775 dicturus
913 2721 995 2773 est“
1017 2712 1089 2789 quia
1103 2727 1171 2771 cum

195 2805 298 2858 motus
312 2806 411 2857 terrae
425 2800 531 2873 spiritu
548 2799 636 2871 fiant,
658 2798 783 2872 spiritus
797 2806 895 2858 autem
911 2814 964 2856 aer
978 2798 1017 2858 sit
1031 2797 1169 2870 agitatae,

194 2880 314 2940 etiamsi
328 2878 409 2941 subit
422 2889 534 2953 terras,
556 2897 616 2940 non
633 2881 672 2940 ibi
688 2882 876 2955 spectandus
892 2888 953 2940 est:
977 2881 1126 2954 cogitetur
1141 2878 1170 2936 in

194 2978 233 3023 ea
247 2964 333 3033 sede,
349 2964 378 3022 in
396 2980 456 3037 qua
469 2962 552 3021 ittam
567 2971 674 3023 natura
689 2963 852 3038 disposuit.
880 2962 994 3034 Dicam,
1011 2963 1093 3037 quod
1108 2976 1202 3028 mar-4

193 3045 243 3120 gis
257 3044 363 3105 mirum
380 3046 544 3105 videbitur=
566 3043 643 3105 inter
657 3046 803 3105 coelestia
816 3051 846 3105 et
860 3046 899 3103 de
912 3052 993 3104 terra
1007 3044 1169 3103 dicendum

194 3128 262 3188 erit.
299 3128 470 3201 „Quare‘t“
489 3128 600 3202 inquis.
630 3129 701 3202 quia
721 3144 788 3187 cum
809 3126 933 3201 propria
952 3132 1050 3183 terrae
1071 3125 1169 3198 ipsius

194 3207 366 3270 excutimus
382 3226 439 3270 suo
454 3211 539 3280 loco,
561 3218 660 3269 utrum
682 3211 743 3268 tata
757 3210 796 3268 sit
809 3216 840 3267 ct
853 3207 1023 3281 inaequalis
1038 3213 1068 3266 ct
1081 3222 1168 3264 enor-

195 3291 283 3352 miter
303 3291 439 3368 proiecta
460 3310 498 3352 an
519 3293 630 3352 totuin
652 3294 778 3351 sormam
801 3291 879 3363 pilae
900 3296 1019 3364 spectet
1033 3295 1062 3347 et
1076 3289 1104 3346 iu
1121 3304 1168 3347 or·

193 3376 265 3435 bem
287 3381 389 3449 partes
405 3390 479 3435 suas
494 3383 596 3448 cogat,
616 3374 730 3447 adliget
743 3388 840 3446 aquas
855 3388 893 3430 an
909 3373 997 3445 aquis
1012 3371 1169 3443 adtigetur,

192 3458 265 3531 ipsa
278 3458 388 3516 animai
403 3458 492 3517 sitan
510 3472 621 3530 corpus
636 3457 718 3514 iners
733 3462 764 3514 et
775 3454 841 3513 sine
852 3470 954 3527 sensu,
971 3457 1093 3528 plenum
1105 3452 1170 3527 qui-

193 3541 264 3599 dem
280 3540 419 3614 spiritus,
434 3540 489 3597 sed
505 3539 610 3611 atieni,
626 3546 655 3596 ct
666 3544 768 3596 cetera
781 3536 970 3610 huiusmodi,
986 3535 1126 3609 quotiens
1142 3535 1171 3594 iu

193 3639 304 3683 manus
320 3622 471 3696 venerint,
491 3628 600 3681 terram
616 3626 785 3697 sequuntur
799 3628 828 3680 et
842 3620 871 3679 in
885 3620 951 3679 imis
966 3619 1171 3680 conlocabun-
