2942 4384
264 455 327 519 106
551 455 583 515 L.
601 454 748 514 ANNAEI
770 453 944 514 SENECAE

263 606 369 682 quidni
379 600 584 664 meminerim?
607 610 636 663 et
648 604 765 677 quidem
778 605 828 662 siti
841 603 1007 676 confectas,
1032 606 1105 678 quia
1119 606 1232 681 inpedi-

263 698 308 749 tas
322 692 366 748 ire
380 690 423 748 ael
432 688 546 760 fantem
556 690 727 761 proximum
741 702 800 745 non
809 694 959 759 poetam,
982 705 1090 761 repere
1106 692 1234 749 amadus

262 773 407 844 volebam,
428 774 487 830 nisi
502 772 668 840 commilita,
689 771 773 829 tomo
787 770 878 841 sartis
897 786 935 829 aa
954 778 1107 843 strennas,
1132 788 1234 847 amram

262 857 335 915 milti
352 858 383 914 in
394 858 485 928 palea
499 870 554 912 saa
570 854 730 912 adtulisset.
758 860 841 926 potes
857 869 942 925 erpa,
968 853 1081 926 inquit,
1104 857 1234 930 impera-

263 946 316 1010 tor,
343 940 525 1011 adpnosaere
545 939 626 995 illam
643 937 786 995 nominem
799 942 852 994 ant
864 939 946 995 illam
957 935 1100 1009 paleam?
1129 938 1236 997 Caesar

263 1023 304 1079 ait
325 1037 359 1079 se
382 1036 441 1079 non
464 1034 558 1092 posse
580 1020 696 1092 galeam
717 1033 922 1091 cognoscere,
945 1019 1098 1078 hominem
1115 1022 1236 1095 pulchra

264 1118 373 1177 posse,
395 1109 425 1161 et
442 1101 566 1174 adiecit,
590 1111 662 1175 puto
678 1101 717 1159 ob
737 1100 797 1159 hoe
818 1101 927 1172 iratus,
950 1102 1033 1175 quod
1051 1118 1086 1161 se
1101 1119 1121 1162 a
1138 1104 1235 1178 cogni-

234 1189 251 1243 3
264 1187 343 1246 tione
358 1186 457 1243 medin
471 1184 511 1243 ad
526 1191 657 1243 veterem
674 1184 805 1242 inbutam
820 1183 1001 1244 abduceret:
1029 1192 1061 1244 lu
1078 1191 1180 1261 indque
1192 1190 1236 1246 t'lle

263 1286 321 1329 nan
335 1287 375 1329 es.
408 1269 530 1339 Merita,
553 1268 664 1342 inquit,
688 1267 814 1340 Caesar,
839 1284 885 1327 me
898 1284 957 1327 non
974 1270 1235 1341 aequanimam

262 1370 328 1413 anm
348 1354 404 1412 lae
420 1353 535 1424 saetam
554 1360 613 1422 est,
636 1354 749 1422 inteaer
761 1366 854 1409 erum
878 1362 981 1425 pastea
992 1354 1036 1410 ad
1047 1353 1196 1413 Mundam
1208 1356 1236 1413 in

263 1440 327 1495 acie
341 1440 442 1496 oenias
455 1436 528 1494 milti
539 1434 662 1506 effossus
675 1440 718 1493 est
731 1440 761 1492 et
774 1436 805 1492 in
821 1438 916 1507 eapite
929 1438 1004 1495 lectu
1014 1436 1091 1494 assa.
1115 1454 1172 1497 nee
1178 1454 1236 1511 pa-

262 1524 337 1579 leam
352 1522 447 1591 illam,
469 1521 496 1576 sl
507 1519 631 1587 vidais,
649 1518 819 1589 pannosas.
840 1520 1001 1577 machaera
1012 1522 1090 1578 enim
1102 1521 1236 1595 Hispana

263 1604 356 1662 diuisa
371 1608 422 1661 est.
460 1601 564 1659 Vetuit
579 1598 619 1657 itti
632 1598 769 1657 exiriberi
781 1600 933 1673 negotium
947 1603 1060 1661 Caesar
1071 1610 1101 1661 et
1113 1605 1236 1677 agellos,

263 1685 292 1743 in
308 1684 420 1757 quibus
435 1683 572 1741 vicinalis
587 1681 637 1741 via
651 1697 745 1741 causa
764 1682 849 1741 rixae
863 1699 899 1742 ae
913 1685 1008 1745 litium
1023 1685 1137 1759 iuerat,
1157 1686 1235 1745 militi

263 1782 320 1826 suo
336 1766 470 1826 donavit.
957 1806 959 1809 -

237 1858 250 1908 1
324 1850 416 1909 XXV.
440 1849 519 1922 Quid
533 1856 628 1924 ergo?
649 1868 709 1911 non
727 1858 878 1925 repeteret
894 1851 1074 1911 beneficium
1090 1852 1130 1911 ab
1146 1853 1235 1927 impe

262 1941 376 2005 rotare,
406 1934 492 1993 euius
524 1934 699 1992 memoriam
727 1936 885 1993 multitudo
910 1951 1010 1995 rerum
1037 1938 1237 1996 contuderatt

264 2032 352 2092 quem
369 2018 488 2076 fortuna
502 2018 610 2091 ingens
626 2018 779 2076 exereitus
796 2018 1008 2091 disponentem
1023 2036 1085 2078 non
1105 2020 1234 2093 patieba-

262 2109 310 2160 tur
331 2101 458 2174 singuiis
480 2099 622 2159 militibus
643 2107 827 2160 occurreret
859 2102 924 2159 Non
947 2108 994 2160 est
1013 2102 1073 2161 hoe
1100 2110 1237 2177 repetere

262 2185 457 2257 beneficium,
473 2184 529 2242 sed
544 2199 699 2242 resumere
714 2184 796 2242 bono
812 2185 880 2242 loeo
897 2186 1027 2258 positum
1042 2193 1074 2243 et
1090 2194 1236 2258 paratum,

262 2269 301 2326 ad
318 2268 401 2341 quod
417 2275 532 2336 tamen,
551 2273 582 2324 ut
598 2273 749 2337 sarriatur,
767 2283 875 2327 marrus
892 2267 1075 2341 porrigenda
1090 2278 1148 2329 est.
1180 2270 1236 2327 Re

262 2358 362 2422 petam
379 2350 495 2422 itaque,
512 2348 583 2423 quia
599 2349 658 2409 hoe
673 2356 724 2408 aut
738 2365 775 2407 ex
789 2366 898 2423 magna
909 2352 1091 2411 necessitate
1104 2354 1236 2411 tacturus

233 2440 313 2491 tero
330 2441 381 2491 aut
394 2432 473 2491 itlius
488 2449 596 2502 eausa,
612 2448 631 2490 a
645 2448 705 2505 quo
721 2441 866 2506 repetam.
893 2434 1152 2495 Tiberiuscuesar
1163 2436 1237 2494 inter

262 2515 344 2573 initia
357 2515 466 2574 dicenti
480 2516 607 2587 cuidam,
620 2516 787 2589 Meministi,
803 2524 964 2591 antequam
980 2519 1081 2591 plures
1093 2526 1183 2577 uatus
1196 2520 1236 2577 in-

262 2598 439 2658 mitiaritatis
453 2599 562 2659 veteris
576 2602 732 2674 proterret,
750 2616 808 2659 nan
819 2604 945 2671 memini,
961 2601 1067 2675 inquit,
1081 2603 1156 2677 qnid
1162 2604 1236 2675 sae-

261 2684 327 2742 rim.
368 2682 415 2741 Ab
437 2684 495 2742 hoa
518 2683 621 2757 quidni
641 2699 700 2742 non
718 2691 802 2744 esset
818 2687 1016 2758 repetendum
1032 2683 1236 2745 beneficium?

263 2766 397 2839 optanda
408 2766 609 2825 eratoblivi0=
625 2767 823 2825 aversabatur
831 2768 963 2827 omnium
974 2767 1138 2827 anticorum
1147 2776 1178 2827 et
1187 2783 1234 2826 ae-

262 2848 395 2921 quatiam
409 2847 541 2905 notitiam
549 2848 670 2906 et-illam
683 2851 779 2907 satam
790 2860 981 2925 praesentem
993 2853 1234 2911 iortunamsuam

262 2929 396 3002 adspici,
412 2928 492 2987 iilam
503 2930 599 2988 solam
612 2930 736 3003 eogitari
749 2948 785 2990 ae
797 2934 913 2993 narrari
926 2935 1062 2994 volebat:
1077 2934 1234 3009 inquisite

233 3019 250 3073 3
262 3027 324 3069 rem
341 3011 472 3070 habebat
484 3020 614 3071 veterem
627 3015 765 3074 enricum.
794 3016 892 3090 Magis
904 3018 1084 3090 tempestive
1096 3027 1234 3090 repeten-

262 3096 333 3154 dum
345 3104 392 3155 est
403 3095 583 3155 beneficium
595 3112 685 3170 quam
696 3100 869 3171 petendum.
889 3100 1063 3160 adhibenda
1072 3101 1234 3160 verborum

261 3179 439 3251 moderatio,
456 3186 489 3238 ut
500 3195 556 3238 nee
568 3186 686 3255 [pratas
691 3186 788 3254 possit
796 3184 911 3254 offendi
919 3189 984 3255 nea]
997 3183 1234 3257 ingratus-dissi-

261 3264 385 3322 mulare.
408 3263 580 3323 Tacendum
596 3270 661 3322 erat
672 3272 701 3323 et
715 3267 971 3339 exspectandum,
987 3268 1013 3326 si
1026 3267 1104 3327 inter
1114 3268 1235 3342 sapien-

260 3352 307 3405 tes
319 3346 508 3405 viveremus:
532 3355 674 3407 ettamen
689 3348 878 3421 sapientibus
891 3366 1016 3423 quoque
1029 3350 1162 3409 indicare
1173 3364 1233 3408 me-
1268 3408 1274 3415 ,

233 3428 320 3489 «ilius
333 3429 456 3499 luisset,
473 3428 545 3501 quid
561 3447 661 3490 rerum
675 3440 845 3491 nostrarum
857 3439 953 3492 status
966 3440 1119 3506 posceret.
1153 3434 1233 3492 [teos

262 3529 389 3585 quorum
405 3511 538 3570 notitiam
556 3514 637 3572 nulia
652 3530 702 3574 res
717 3514 836 3587 effugit,
856 3531 1016 3589 rogamus,
1036 3525 1066 3576 et
1080 3517 1149 3576 illos
1165 3524 1234 3575 vota

260 3610 319 3652 non
333 3603 459 3655 exorant
471 3595 527 3653 sed
541 3596 712 3654 admonent.
734 3598 786 3656 Dis
800 3614 924 3671 quoque
935 3599 1083 3677 [inquam]
1097 3597 1233 3660 Homeri·

262 3689 316 3741 cus
337 3678 386 3741 ille
408 3678 555 3742 sacerdos
578 3679 697 3757 adlegat
717 3680 820 3743 officia
835 3687 866 3742 et
880 3698 951 3743 aras
966 3683 1111 3762 religiose
1126 3684 1232 3745 cultas
