2942 4384
347 427 355 439 ’
410 460 549 521 aaran.
572 458 972 532 QUAEST.Lib.lll.1;a.
1110 460 1174 525 215

204 613 339 674 animum
360 613 474 687 ipsum,
498 628 558 686 quo
581 626 698 670 summo
719 627 893 685 magnoque
908 629 987 686 epus
1002 620 1063 684 est,
1085 614 1175 673 sedu-

205 713 311 757 cemus
327 712 346 755 a
361 709 499 768 corpore.
527 695 637 752 deinde
658 694 687 751 in
705 695 831 754 occultis
847 696 1012 754 exercitata
1027 696 1175 755 subtilitas

204 797 267 841 non
289 780 344 838 erit
364 780 394 836 in
415 785 519 851 aperta
535 777 676 837 deterior,
713 778 784 835 nibil
801 787 900 838 autem
916 786 963 837 est
977 780 1110 852 apertius
1128 778 1175 837 bis

204 861 405 935 salutaribus,
429 875 507 934 quae
528 868 633 919 eontra
652 860 816 934 nequitiam
832 869 967 921 nostram
983 864 1176 935 furoremque

205 947 379 1017 discuntur,
398 959 475 1018 quae
490 943 668 1003 damnamus
685 960 741 1001 nee
757 945 909 1017 periimus.

266 1029 301 1087 1.·
324 1026 557 1099 Quaeramus
582 1042 672 1099 ergo
697 1027 742 1084 de
766 1028 877 1101 aquis
904 1036 939 1087 et
964 1028 1207 1101 investiga-1

205 1128 301 1183 mus,
325 1126 399 1183 qua
417 1110 570 1168 ratione
592 1110 703 1168 liant:
727 1108 807 1183 sive,
824 1118 857 1169 ul
871 1111 911 1170 ait
927 1110 1060 1183 Ovidius

263 1194 337 1268 fens
350 1200 417 1253 erat
429 1196 528 1252 illimis
541 1194 643 1251 nitidis
656 1203 813 1267 ermenteus
827 1197 924 1267 undis,

206 1279 289 1350 sive,
306 1286 339 1336 ut
352 1277 393 1334 ait
409 1276 571 1349 Vergilius
728 1342 731 1347 ,

264 1362 346 1421 unde
359 1377 415 1434 per
432 1375 487 1418 ora
506 1369 606 1418 nortem
619 1367 700 1418 uasto
716 1376 782 1419 eum
796 1376 946 1418 murmure
960 1364 1063 1419 montis
1118 1424 1121 1428 ,

267 1446 292 1503 it
305 1460 389 1502 mare
401 1448 596 1516 praeruptam
609 1450 638 1501 et
645 1446 756 1516 peluqo
768 1445 878 1516 premit
892 1459 966 1501 arua
979 1444 1103 1514 sananti,

205 1529 288 1599 sive,
303 1532 337 1585 ut
352 1525 434 1599 apud
450 1532 492 1596 te,
509 1525 626 1584 iuvenis
643 1526 814 1598 carissime,
830 1526 960 1599 invenie,

268 1612 358 1669 elisus
372 1610 478 1668 Siculis
492 1610 529 1667 de
539 1609 671 1681 fontibus
687 1612 788 1668 exsilit
798 1612 900 1679 amnis,

205 1693 232 1753 si
247 1708 312 1767 qua
326 1692 401 1751 ratio
417 1707 514 1765 aquas
531 1692 751 1762 subministret,
768 1692 923 1766 quomado
939 1698 983 1751 tot
994 1691 1119 1750 flumina
1133 1694 1177 1750 ln·

204 1776 310 1854 gentle
330 1790 384 1848 per
398 1775 478 1833 diem
491 1781 674 1848 noctemque
689 1776 861 1833 decurrant.
891 1791 1008 1849 quare
1026 1777 1101 1833 alia
1121 1774 1177 1832 hi-

204 1858 340 1919 bernis
356 1857 759 1931 aquisintumeseant‚
782 1859 855 1916 alia
878 1858 915 1915 in
938 1859 1094 1917 delectu
1117 1874 1177 1916 ee-

205 1952 377 2003 terorum
400 1940 559 2000 amnium
577 1948 766 1999 crescant.
798 1941 919 1998 Nilum
941 1939 1093 1999 interim
1116 1949 1211 1998 ses

206 2039 395 2100 ponemus
411 2040 436 2082 a
455 2023 557 2095 turba,
581 2025 724 2097 propriae
746 2031 870 2081 naturae
893 2037 929 2081 ae
951 2024 1127 2095 singularis,
1150 2032 1180 2082 et

206 2108 354 2167 illi'suum
369 2106 449 2165 diem
465 2107 618 2166 dabimus:
641 2122 738 2165 nune
754 2108 936 2179 volgares
952 2122 1073 2179 aquas
1089 2121 1179 2179 pre·

207 2190 695 2265 sequamur,tamirigidas
711 2189 1020 2263 quamealentes.
1042 2188 1179 2261 inqui-

206 2274 278 2334 bus
299 2272 490 2346 [ealentibus]
506 2274 766 2347 quaerendum
782 2271 870 2351 erit,
892 2279 1011 2331 utrum
1027 2270 1180 2330 ualidae

208 2355 1179 2429 nascanturanliant.deeeterisquoquedissere·

210 2455 309 2512 mus,
331 2454 430 2512 quas
452 2438 630 2512 insignes
653 2447 717 2499 aut
737 2438 1178 2513 saporaulaliquared·

209 2522 270 2581 dit
289 2522 460 2581 utilitas:
489 2522 640 2595 quaedam
655 2523 734 2581 eninr
750 2524 872 2593 aculae,
898 2521 1048 2594 quaedam
1066 2536 1179 2578 nervus
1194 2532 1211 2583 3
1260 2527 1266 2539 “

209 2607 334 2676 iuvant,
363 2604 512 2678 quaedam
535 2610 670 2663 veterata
691 2612 719 2663 et
739 2621 758 2676 a
779 2604 905 2662 medicis
927 2604 1090 2676 desperata
1111 2603 1181 2661 vitia

210 2695 382 2762 pereurant.
411 2687 561 2761 quaedam
575 2689 734 2746 medentur
750 2686 919 2757 uleeribuS,
942 2686 1091 2758 quaedam
1105 2686 1179 2744 inte·

207 2772 292 2830 riora
312 2778 386 2843 putu
407 2770 509 2830 levent
531 2777 561 2829 et
580 2772 732 2844 pulmonis
756 2785 792 2831 aa
814 2770 963 2827 viseerum
982 2770 1123 2841 querelas
1138 2768 1180 2825 le-

208 2860 291 2912 vant.
312 2852 469 2927 'quaedam
487 2854 679 2927 supprimunt
698 2853 891 2927 sanguinem:
915 2860 975 2911 tam
998 2853 1100 2911 varius
1118 2849 1180 2909 sin-

208 2936 290 3011 gulis
305 2952 381 2995 usus
396 2943 443 2995 est
459 2953 548 3009 quam
563 2945 680 3009 gustus.

270 3020 306 3077 Il.
326 3020 388 3077 Aut
400 3025 479 3077 stant
495 3035 601 3078 omnes
615 3035 713 3093 aquae
728 3027 779 3079 aut
791 3026 862 3078 eunt
876 3024 927 3077 aut
939 3019 1119 3090 colliguntur
1130 3023 1180 3075 aut
1197 3031 1210 3080 l

209 3102 312 3162 varias
324 3100 436 3159 habent
446 3118 552 3160 venas.
567 3102 643 3160 aliae
656 3110 725 3161 sunt
736 3103 857 3173 duleas,
872 3103 948 3159 aliae
960 3102 1076 3158 variae:
1090 3114 1179 3171 aspe-

208 3200 263 3244 rae
275 3184 390 3259 quippe
402 3184 615 3257 interveniunt,
634 3186 735 3244 salsae
747 3198 929 3256 amarasque
941 3189 993 3240 aut
1002 3181 1179 3251 medicatae,

209 3268 374 3341 exquibus
390 3266 586 3341 sulphuratas
602 3269 745 3339 dicimus,
761 3268 905 3335 serratas,
920 3262 1120 3321 aluminosas:
1136 3261 1180 3320 in·

209 3350 364 3410 diuatvim
379 3367 481 3424 sapor.
503 3351 622 3409 Habent
636 3356 794 3424 praeterea
808 3349 881 3406 mul
892 3355 926 3406 ta
942 3345 1211 3410 discriminas

208 3434 340 3509 primum
357 3441 470 3493 taetus:
483 3454 487 3461 ·
498 3434 626 3507 frigidae
641 3441 671 3492 et
688 3433 803 3490 calidae
824 3438 903 3490 sunt.
932 3428 1042 3488 deinde
1065 3427 1180 3502 punde-

207 3518 267 3576 ris=
296 3518 380 3576 leves
401 3524 560 3589 etgraves
584 3522 664 3577 sunt.
695 3515 806 3574 deinde
829 3515 955 3573 eoloris:
983 3526 1076 3585 purae
1100 3518 1179 3582 sunt,

208 3599 363 3671 turbidae,
390 3600 564 3673 caeruleae,
589 3599 709 3658 lividae
742 3597 852 3655 deinde
878 3592 1078 3656 salubritatis:
1111 3601 1181 3653 sunl

209 3684 291 3744 enim
312 3683 417 3759 utiles,
439 3690 509 3757 sunt
522 3683 704 3743 mortiferae.
737 3688 820 3755 [sunt
835 3696 915 3755 quae
930 3686 1078 3752 coguntur
1092 3677 1122 3737 in
1136 3680 1179 3737 la·
