2942 4384
384 480 523 541 NATUR.
540 480 701 554 QUAEST.
721 482 793 540 Llss.
810 482 859 541 Vl.
882 491 907 542 1.
919 492 944 542 a.
1085 479 1148 544 273

171 630 238 705 Ego
254 646 330 691 vero
346 629 408 689 hoc
422 629 524 704 ipsum
540 628 639 689 solatii
655 632 723 690 loco
739 647 837 704 pono,
858 639 888 690 et
910 632 1031 705 quidem
1044 634 1147 691 valen-

166 713 298 787 tissimi,
322 715 466 789 quoniam
489 714 611 787 quidem
632 712 699 771 sine
721 715 855 773 remedio
872 716 960 773 timor
975 716 1073 774 stultis
1090 723 1146 774 cst.

171 798 251 857 ratio
267 803 414 858 terrorem
432 796 630 870 prudentibus
642 798 775 867 excutit,
793 799 1026 870 inprudentibus
1038 814 1148 871 magna

172 881 208 941 fit
219 896 259 939 ex
275 880 490 955 desperatione
505 880 663 939 securitas.
693 880 760 938 Hoc
775 882 877 954 itaque
892 882 996 953 generi
1012 880 1145 941 humano
1162 892 1179 943 2

173 965 289 1024 dictum
307 972 394 1037 puta,
420 963 503 1037 quod
523 962 582 1021 illis
603 962 703 1022 subita
726 964 901 1037 captivitate
925 964 1002 1023 inter
1016 963 1103 1038 ignes
1119 971 1149 1023 et

173 1047 297 1109 hostem
311 1048 504 1120 stupentibus
520 1045 633 1105 dictum
649 1052 711 1105 est=

330 1130 395 1190 Uno
409 1134 491 1189 solos
504 1132 585 1188 victis
599 1133 712 1189 nullam
726 1147 850 1205 sperare
863 1134 995 1190 salutem.

176 1212 215 1272 Si
239 1214 361 1272 vultis
382 1212 480 1271 nihil
500 1213 648 1283 timere,
671 1214 1086 1286 cogitateomniaesse
1102 1214 1180 1279 ti·3

174 1296 319 1356 menda.
342 1290 570 1370 circumspicite
583 1311 673 1369 quam
683 1296 802 1355 levibus
818 1296 921 1355 causis
936 1296 1147 1356 discutiamur:

173 1395 237 1439 non
257 1379 344 1439 cibus
364 1378 468 1449 nobis,
491 1396 551 1438 non
567 1378 691 1450 humor,
715 1395 776 1437 non
796 1378 913 1453 vigilia,
939 1395 999 1437 non
1021 1396 1148 1439 somnus

175 1463 243 1523 sine
256 1477 401 1522 mensura
417 1462 549 1535 quadam
565 1462 700 1520 salubria
716 1470 801 1521 sunt:
823 1462 883 1520 iarn
898 1462 1079 1535 intellegetis
1093 1480 1147 1523 nu-

173 1545 292 1619 gatoria
313 1562 384 1605 esse
404 1546 533 1621 nosltra]
556 1553 585 1603 et
613 1545 755 1604 inbecilla
781 1562 926 1619 corpora,
951 1543 1061 1616 fluida,
1087 1563 1147 1606 non

174 1645 285 1702 magna
307 1628 461 1688 molitione
477 1629 642 1702 perdenda.
676 1627 749 1687 Sine
760 1630 852 1688 dubio
869 1630 898 1687 id
914 1646 1006 1688 unum
1021 1630 1148 1703 periculi

173 1711 263 1772 nobis
280 1713 354 1771 satis
369 1718 467 1785 esset,
491 1712 572 1785 quod
590 1721 719 1771 tremunt
732 1720 846 1784 terrae,
869 1713 954 1788 quod
969 1713 1069 1771 subito
1086 1713 1148 1772 dis·

174 1795 315 1870 sipantur
337 1811 375 1854 ac
399 1796 594 1869 superposita
616 1796 780 1855 deducunt.
812 1796 915 1870 Magni
940 1812 974 1855 se
1001 1797 1180 1869 aestimatt

174 1879 228 1953 qui
249 1878 375 1937 fulmina
397 1887 426 1938 et
440 1888 540 1939 motus
556 1885 702 1937 terrarum
722 1880 885 1952 hiatusque
905 1878 1060 1938 formidat:
1086 1882 1150 1939 vult

173 1963 224 2022 ille
248 1961 451 2021 inbecillitatis
474 1962 531 2021 sibi
553 1978 628 2021 suae
653 1963 797 2021 conscius
809 1962 914 2021 timere
930 1961 1087 2036 pituitam?
1108 1964 1149 2021 ita

172 2043 319 2104 videlicet
331 2046 392 2104 nati
408 2062 529 2118 sumus,
552 2052 611 2104 tarn
629 2044 727 2104 felicia
744 2046 840 2123 sortiti
855 2044 1005 2117 membra,
1025 2045 1054 2103 in
1071 2045 1149 2103 hanc

174 2128 414 2201 magnitudinem
436 2130 602 2188 crevimus:
624 2136 654 2186 et
675 2130 713 2188 ob
735 2128 795 2187 hoc
812 2128 876 2187 nisi
891 2128 995 2188 mundi
1011 2129 1148 2203 partibus

173 2211 281 2285 motis,
293 2211 352 2270 nisi
365 2213 481 2271 coelum
495 2212 672 2285 intonuerit,
682 2212 740 2272 nisi
753 2219 832 2271 terra
845 2212 1031 2283 subsederit,
1047 2211 1149 2287 perire

175 2310 238 2354 non
251 2301 441 2368 possumus?
459 2293 620 2368 Unguiculi
635 2311 693 2355 nos
709 2303 739 2355 et
752 2311 791 2354 ne
806 2295 899 2356 totius
912 2296 1033 2370 quidem
1049 2295 1146 2367 dolor,
1163 2302 1179 2353 5

172 2377 231 2437 sed
246 2376 349 2451 aliqua
363 2378 401 2436 ab
419 2380 513 2437 latere
528 2379 593 2437 eius
606 2377 744 2437 scissura
760 2379 896 2438 conficit:
913 2386 942 2437 ct
958 2394 1015 2451 ego
1028 2379 1148 2438 timeam

173 2468 273 2520 terras
288 2468 466 2533 trementes,
485 2477 574 2536 quern
589 2462 723 2522 crassior
737 2462 833 2521 saliva
849 2462 1000 2521 suffocat?
1022 2478 1079 2535 ego
1096 2478 1147 2520 ex·

172 2544 332 2603 timescam
353 2552 486 2604 emotum
507 2546 633 2604 sedibus
656 2545 719 2604 suis
743 2561 840 2617 mare,
861 2552 891 2603 et
912 2562 950 2603 ne
965 2552 1069 2604 aestus
1085 2562 1147 2602 ma-

171 2628 238 2687 iore
251 2643 341 2702 qnam
357 2629 435 2687 solet
452 2644 544 2687 cursu
561 2630 630 2702 plus
643 2644 790 2702 aquarum
802 2627 925 2687 trahens
942 2627 1147 2701 superveniat,

172 2711 407 2785 cumouosdam
421 2712 653 2784 strangulaverit
667 2712 750 2785 potio
762 2712 840 2769 male
855 2712 942 2785 lapsa
955 2726 1010 2785 per
1023 2712 1148 2770 lauces?

172 2810 266 2868 quam
288 2798 409 2855 stultum
432 2804 479 2854 est
498 2812 582 2854 mare
604 2794 747 2867 horrere,
770 2810 838 2854 cum
855 2795 1005 2853 stillicidio
1022 2795 1102 2853 scias
1118 2802 1148 2852 le

171 2892 270 2951 posse
295 2879 424 2951 perire!-
448 2878 568 2937 Nullum
594 2879 734 2937 solatium
756 2879 853 2937 mains
875 2886 922 2938 est
935 2877 1041 2937 mortIs
1058 2876 1180 2951 quanto

172 2961 244 3035 ipsa
258 2962 435 3021 mortalitas.
456 2964 569 3021 nullum
582 2969 682 3021 autern
695 2962 828 3022 omnium
842 2962 984 3035 istorum,
1001 2978 1079 3036 quae
1095 2976 1148 3019 ex-

164 3046 324 3126 trinsecus
346 3052 474 3118 terrent,
502 3062 592 3119 quam
615 3048 698 3119 quod
719 3045 949 3106 innumerabilia
964 3046 1100 3119 pericula
1118 3046 1148 3103 in

172 3127 243 3203 ipso
264 3128 334 3187 sinu
356 3135 435 3188 sunt.
470 3127 542 3203 quid
565 3129 644 3186 enirn
666 3129 836 3187 dementius
858 3144 948 3202 quarn
964 3129 1002 3186 ad
1017 3130 1149 3187 tonitrua

171 3209 334 3271 succidere
349 3220 379 3271 ct
393 3212 450 3271 sub
466 3218 576 3270 terram
592 3226 756 3285 correpcre
771 3210 926 3268 fulminum
941 3217 1046 3269 matut
1074 3210 1146 3282 quid

172 3292 294 3355 stultius
310 3312 402 3370 quam
418 3295 522 3354 timere
546 3294 730 3356 notationem
747 3302 798 3353 aut
813 3293 931 3351 subitos
946 3293 1090 3352 montium
1106 3294 1147 3351 la-

172 3394 251 3453 psus
273 3386 303 3438 et
320 3377 510 3453 inruptiones
532 3379 624 3437 maris
647 3384 732 3436 extra
754 3378 822 3435 litus
845 3376 948 3448 eiecti,
975 3392 1044 3435 oum
1065 3392 1148 3435 mors

172 3462 289 3535 ubique
310 3470 433 3536 praesto
456 3464 495 3522 sit
518 3470 547 3522 et
569 3461 705 3535 undique
721 3467 860 3521 occurrat
880 3460 1014 3534 nihilque
1035 3458 1149 3518 sillam

172 3544 328 3618 exiguum,
342 3546 425 3619 quod
440 3563 501 3607 non
517 3548 545 3605 in
562 3545 725 3619 perniciem
737 3546 860 3618 generis
873 3544 994 3603 humani
1006 3543 1080 3602 satis
1095 3559 1148 3601 va·

171 3627 254 3687 leat?
285 3629 374 3689 Adeo
397 3645 458 3689 non
480 3629 592 3689 debent
609 3645 666 3689 nos
687 3627 747 3688 ista
762 3627 967 3702 confundere,
993 3632 1179 3701 tamquaml

161 3710 244 3787 plus
268 3712 338 3771 mali
358 3712 389 3771 in
407 3728 441 3772 se
456 3712 588 3773 habeant
603 3730 694 3788 quam
709 3714 843 3789 volgaris
859 3727 959 3786 mors,
981 3719 1014 3770 ut
1034 3718 1149 3786 contra,

215 3815 318 3855 ennaea
336 3816 406 3857 auu.
429 3801 459 3856 ll.
965 3801 1002 3857 tu
