2942 4384
385 466 527 528 naum.
542 464 705 541 anaasr.
724 465 798 525 nra.
810 465 862 524 vr.
882 473 980 529 5-7.
1109 464 1170 529 277

195 623 239 680 lut
260 633 317 693 per
337 617 444 676 rimam
465 617 584 676 sentina
603 617 799 690 subreperet,
825 616 880 676 sed
897 617 983 676 lieret
1001 618 1109 692 iugens
1124 620 1167 679 in-

194 701 337 773 undatio,
356 708 387 759 ut
401 715 439 758 ex
455 698 571 759 infinito
586 701 705 773 liquore
720 708 750 759 ct
766 702 881 758 terente
896 701 1048 760 universa.

259 784 326 842 vll.
356 783 513 856 Quidam
535 791 676 842 motum
697 791 887 841 terrarum
910 800 1032 856 aquae
1053 783 1198 858 inpii-l

193 873 394 938 taverunt,
410 866 476 924 sed
493 882 564 924 non
588 882 631 923 ex
654 866 784 924 cadem
807 881 935 924 causa.
958 866 1166 938 „peromnem

195 960 322 1021 terram,
335 950 489 1022 inquiunt,
501 950 592 1008 multa
604 964 751 1021 aquarum
762 950 1062 1020 generadecurruntz
1076 951 1167 1009 aliubi

195 1033 338 1109 perpetui
354 1046 475 1103 amneS,
491 1047 620 1106 quorum
635 1030 815 1104 navigabilis
830 1032 919 1090 etiam
935 1032 1001 1091 sine
1016 1033 1166 1092 adiutorio

194 1116 336 1177 imbrium
356 1112 531 1187 magnitudo
555 1121 610 1172 est.
644 1114 713 1171 hinc
727 1114 812 1173 Nilus
836 1130 890 1187 per
904 1123 1048 1175 aestatem
1064 1118 1167 1190 ingen·

194 1207 242 1259 tes
258 1214 357 1273 aquas
375 1196 504 1269 invehit,
519 1197 605 1267 hinc,
624 1197 675 1271 qui
690 1196 808 1255 medius
820 1198 898 1256 inter
911 1206 1018 1270 pacata
1029 1209 1059 1259 et
1073 1199 1166 1259 hosti-

194 1283 236 1344 lia
256 1281 337 1353 fluit,
358 1279 515 1340 Danubius
536 1295 571 1338 ac
587 1279 726 1351 Rhenus,
753 1282 828 1338 alter
845 1278 1029 1341 Sarmaticos
1045 1281 1165 1356 inpetus

195 1364 345 1427 cohibens
359 1371 389 1423 et
402 1364 555 1437 Europam
573 1364 742 1436 Asiamque
757 1363 984 1435 disterminans,
1007 1364 1081 1422 alter
1094 1366 1166 1424 Ger·

195 1462 320 1519 manca,
342 1447 462 1505 avidam
477 1455 595 1521 gentem
613 1445 696 1517 belli,
718 1447 880 1519 repellens.
907 1447 1004 1505 Adice
1020 1464 1099 1507 nuuc
1114 1461 1198 1521 pas

195 1530 386 1590 tentissimcs
412 1530 497 1587 lacus
520 1535 550 1587 et
568 1535 675 1601 stagna
698 1528 821 1601 populis
844 1529 921 1587 inter
935 1545 969 1588 se
985 1529 1095 1603 ignotis
1109 1532 1165 1589 cir·

197 1614 340 1673 cumdata
359 1619 389 1671 et
408 1612 617 1671 ineluctabiles
641 1611 761 1684 navigio
785 1611 929 1685 paludes,
955 1628 993 1670 ne
1009 1613 1084 1687 ipsis
1101 1614 1165 1687 qui·

196 1696 265 1756 dem
280 1696 358 1754 inter
370 1712 405 1753 se
414 1696 548 1769 pervias,
560 1695 672 1769 qm'bus
685 1695 863 1753 incoluntur.
877 1695 988 1754 deinde
1001 1703 1044 1755 tot
1056 1697 1166 1768 lonteS,

196 1788 241 1839 tot
255 1780 355 1852 capita
371 1777 528 1838 fluminum
543 1778 660 1836 subitos
683 1786 713 1836 et
729 1795 769 1837 ex
784 1780 903 1837 occulto
920 1794 1025 1837 amnes
1041 1796 1164 1839 vomen-

196 1862 248 1923 tia.
283 1868 328 1921 tot
347 1862 459 1920 deinde
482 1861 521 1919 ad
541 1868 660 1934 tempus
683 1862 828 1920 collectos
845 1861 1019 1920 torrentium
1035 1863 1164 1936 inpetuS,

197 1960 328 2021 quorum
342 1945 422 2003 vires
439 1960 529 2018 quam
545 1942 721 2018 repentinae
736 1950 795 2001 tam
810 1944 931 2003 breves
956 1944 1059 2003 Omnis
1073 1962 1165 2018 aqua·
1179 1953 1196 2005 3

194 2044 262 2087 rum
284 2035 315 2086 et
337 2028 414 2086 intra
434 2035 543 2085 terram
565 2034 672 2085 natura
693 2027 849 2100 faciesque
870 2035 931 2086 est:
961 2027 1020 2085 illic
1041 2042 1165 2100 quoque

195 2109 275 2170 aliae
298 2119 384 2169 vaslo
410 2126 502 2169 cursu
523 2111 697 2169 deteruntur
719 2116 750 2168 et
769 2111 798 2167 in
814 2124 963 2182 praeceps
979 2111 1099 2169 volutae
1114 2125 1164 2167 ca«

196 2194 282 2253 dunt.
306 2192 383 2251 aliae
402 2192 608 2265 languidiores
630 2192 660 2250 iu
682 2192 771 2250 vadis
793 2194 993 2251 retunduntur
1010 2200 1040 2250 et
1059 2193 1165 2251 leniter

195 2292 233 2335 ac
249 2277 350 2350 quiete
365 2275 475 2336 fluunt:
499 2277 566 2349 quis
581 2283 679 2333 autem
695 2283 784 2348 neget
801 2276 894 2333 vastis
910 2276 976 2333 illas
988 2282 1163 2349 receptacu-

195 2359 233 2419 lis
249 2358 371 2431 concipi
397 2366 426 2416 et
447 2374 571 2417 cessare
589 2358 688 2417 multis
708 2359 820 2418 inertes
843 2359 939 2416 locist
968 2374 1028 2416 non
1052 2365 1099 2417 est
1113 2358 1165 2416 diu

194 2442 387 2516 probandum
411 2441 451 2499 ibi
465 2443 574 2500 multas
589 2457 686 2514 aquas
702 2456 773 2499 esse
787 2441 838 2500 ubi
853 2444 988 2513 oriptnes
1001 2447 1080 2500 sunt.
1112 2457 1165 2499 ne-

195 2539 258 2599 que
273 2525 353 2582 enim
368 2524 523 2583 sufficeret
537 2526 624 2583 tellus
640 2523 679 2583 ad
694 2531 738 2582 tot
753 2524 876 2582 flumina
891 2524 1025 2596 edenda,
1050 2522 1108 2582 nisi
1125 2538 1164 2581 ex

193 2606 334 2681 reposito
350 2609 504 2680 multoque
520 2608 665 2666 tunderet.
697 2605 729 2664 Si
748 2606 807 2665 hoc
829 2622 931 2665 verum
947 2615 1008 2676 est,
1035 2620 1164 2664 necesse
1179 2620 1196 2670 4

193 2698 244 2749 est
267 2691 431 2763 aliquando
450 2690 511 2748 illic
533 2688 629 2748 amnis
649 2698 769 2747 crescat
789 2697 818 2746 et
832 2689 943 2747 relictis
960 2689 1034 2762 ripis
1051 2688 1164 2746 violen-

194 2781 245 2833 tus
267 2772 298 2830 in
318 2772 468 2831 obstantia
490 2778 642 2832 occurrat=
668 2774 713 2831 sic
734 2771 787 2831 het
801 2780 901 2831 uictus
916 2770 1043 2829 alicuius
1060 2771 1163 2843 partis,

193 2854 225 2914 in
242 2871 333 2929 quam
348 2854 459 2915 flumen
476 2856 607 2929 inpetum
624 2855 706 2913 dedit
720 2862 750 2912 et
766 2871 869 2928 quam,
885 2855 983 2914 donec
996 2854 1163 2924 decrescat,

195 2938 378 2996 verberabit.
412 2938 515 2997 Potest
535 2937 615 3008 fieri,
642 2946 674 2997 ut
694 2937 827 3011 aliquam
842 2938 995 3011 regionem
1010 2938 1094 2997 rivus
1110 2935 1164 2996 ad·

195 3018 295 3079 fluens
311 3019 422 3080 exedat
436 3036 471 3079 ac
487 3036 590 3080 secum
607 3020 703 3079 trahat
715 3021 846 3095 aliquam
859 3023 985 3091 molem,
1002 3037 1063 3095 qua
1077 3022 1165 3094 lapsa

194 3104 390 3176 superposita
412 3104 592 3176 quatiuntur.
621 3106 681 3161 lam
705 3120 777 3163 vero
800 3104 888 3161 nimis
911 3104 1007 3163 oculis
1023 3102 1195 3177 permittil5

193 3201 253 3244 nec
275 3186 367 3257 [illos]
390 3187 447 3245 soit
469 3188 639 3260 producere
661 3186 740 3244 ultra
754 3186 899 3255 animum,
926 3184 976 3258 qui
993 3201 1052 3243 non
1068 3184 1164 3243 credit

173 3269 224 3327 -in
240 3261 444 3344 ab[scon]dit0
461 3277 558 3327 terrae
574 3268 659 3326 sinus
675 3269 766 3325 maris
781 3266 868 3324 vasti.
891 3282 948 3324 nec
968 3267 1048 3323 enim
1061 3267 1162 3339 video,

194 3351 269 3424 quid
282 3351 440 3425 prohibeat
452 3354 498 3410 vel
511 3352 618 3421 obstet,
632 3366 693 3423 quo
704 3350 803 3408 minus
814 3349 960 3408 habeatur
972 3348 999 3406 in
1009 3350 1163 3421 ab[scou}

193 3433 258 3493 dito
273 3436 362 3493 etiam
377 3435 501 3508 aliquod
523 3435 592 3494 litus
613 3440 643 3492 et
665 3448 719 3506 per
740 3433 877 3491 occultos
893 3433 993 3491 aditus
1007 3438 1163 3505 receptum

192 3531 294 3589 mare,
317 3518 400 3592 quod
415 3518 475 3576 illic
499 3532 623 3591 quoque
638 3516 824 3575 tantumdem
839 3517 897 3573 loci
915 3521 1015 3574 teneat
1037 3521 1088 3573 aut
1103 3515 1162 3573 lor·

191 3598 288 3659 lassis
312 3600 372 3660 hoc
394 3601 540 3674 amplius,
567 3615 627 3673 quo
649 3599 808 3672 superiora
830 3614 898 3657 cum
920 3605 964 3656 tot
984 3596 1163 3656 animalibus

192 3689 280 3743 erant
292 3682 466 3743 dividenda.
481 3683 622 3744 abstrusa
633 3681 712 3742 enim
724 3689 755 3740 et
766 3681 832 3741 sine
846 3695 1030 3757 possessore
1042 3679 1165 3739 deserta
