2942 4384
321 460 384 525 nee
425 470 426 473 ¹
606 460 640 522 u.
659 409 805 522 aunum
827 460 1001 523 sunnone

323 608 492 671 turbinibus
507 609 627 669 divulsa
642 610 777 684 navigia:
801 610 870 684 quis
881 611 937 670 erit
950 609 1041 670 huius
1055 607 1170 669 laboris
1182 625 1220 670 ao
1233 626 1293 671 me·

322 701 372 753 tus
396 696 533 753 fructus?
548 692 628 772 ¹quis
649 710 706 752 nos
728 694 829 753 fessos
850 700 894 754 tot
913 694 1000 752 maiis
1022 700 1127 767 portus
1143 695 1294 768 excipiett

322 777 434 835 beilum
454 776 569 836 scilicet
589 783 620 835 et
640 776 751 835 obvius
772 778 801 834 in
822 779 910 835 litore
928 774 1027 835 hostis
1044 784 1075 835 et
1093 777 1293 836 trucidandae

322 868 427 933 gentes
442 866 591 918 tracturae
604 874 645 917 ex
660 859 789 917 maxima
804 866 890 934 parte
904 858 1049 919 victorem
1061 866 1091 918 et
1101 859 1292 933 antiquarum

293 943 438 1003 turbium
459 941 590 1001 flemma.
626 941 704 1014 Quid
724 942 754 999 in
777 959 860 1001 arma
880 943 1016 1015 cogimus
1030 944 1186 1016 populosi
1220 943 1292 1017 quid

322 1025 472 1090 exercitus
491 1024 650 1099 scribimus
666 1024 835 1085 directuros
850 1026 947 1083 aciem·
960 1026 989 1083 in
1005 1026 1112 1084 mediis
1128 1023 1292 1085 fluetibus?

322 1106 395 1181 quid
416 1108 509 1166 maria
523 1106 749 1181 inquietamus?
776 1124 882 1181 parum
897 1107 1038 1167 videlicet
1052 1109 1092 1166 ad
1107 1116 1222 1167 mortes
1238 1124 1290 1167 no·

320 1197 399 1249 stras
420 1196 500 1248 terra
519 1191 578 1249 iate
601 1197 691 1264 patet.
716 1192 804 1249 nimis
819 1191 946 1249 delicate
962 1191 1082 1258 fortuna
1096 1206 1154 1249 nos
1169 1198 1290 1250 tractat:

320 1273 409 1331 nimis
424 1274 501 1331 dura
516 1273 599 1332 dedit
610 1274 698 1333 nobis
710 1289 856 1347 corpora,
872 1272 989 1331 felicem
1001 1273 1209 1333 valitudinem.
1231 1291 1290 1334 non

254 1367 263 1384 ‘
320 1355 523 1430 depopulatur
543 1371 600 1415 nos
622 1372 713 1415 casus
734 1358 902 1415 incurrens.
931 1354 1047 1415 emetiri
1068 1357 1179 1430 cuique
1193 1372 1291 1433 annos

320 1454 395 1498 suos
417 1455 454 1497 ex
476 1439 636 1498 commodo
651 1441 722 1498 iicet
735 1448 765 1498 et
781 1440 819 1497 od
835 1446 1020 1498 senectutem
1035 1439 1207 1499 decurrere.
1238 1441 1289 1499 ita·

321 1536 380 1595 que
400 1537 504 1581 eamus
525 1520 554 1580 in
576 1524 703 1595 petagus
718 1530 749 1581 et
767 1537 914 1582 vocemus
934 1522 964 1579 in
980 1537 1037 1581 nos
1052 1524 1114 1582 iata
1128 1524 1290 1582 cessantia.

292 1603 439 1676 9Miseri,
460 1604 533 1678 quid
548 1604 714 1678 quaeritis?
740 1611 882 1675 mortem,
907 1620 986 1677 quae
1000 1605 1114 1677 ubique
1128 1611 1291 1680 superest?

318 1693 402 1763 petet
421 1688 471 1745 illu
490 1704 548 1745 vos
571 1694 653 1745 etex
669 1689 793 1746 lectulo:
816 1688 871 1746 sed
886 1687 1063 1746 innocentes
1079 1694 1170 1761 petet.
1199 1704 1290 1747 occu·

319 1770 402 1843 pabit
419 1785 476 1829 nos
490 1770 519 1827 in
535 1778 639 1828 nostra
654 1770 763 1830 domoc
785 1771 841 1829 sed
857 1776 988 1844 occupet
1002 1772 1116 1829 nullum
1130 1771 1290 1831 molientes

318 1852 439 1911 matum.
473 1853 539 1912 Hoc
553 1867 626 1911 vero
644 1853 715 1926 quid
732 1853 813 1912 aliud
829 1854 897 1927 quis
909 1852 1018 1913 dixerit
1029 1868 1118 1927 quam
1130 1853 1290 1928 insaniam,

320 1932 513 1995 circumferre
534 1936 669 2009 pericula
690 1944 720 1995 et
734 1952 823 1995 ruere
837 1936 866 1994 in
882 1936 1018 2009 ignotos,
1040 1936 1148 1996 iratum
1164 1935 1232 1995 sine
1248 1938 1290 1995 iu·

317 2017 408 2090 iuria,
432 2019 621 2078 occurrentia
635 2018 843 2079 devastantem
859 2035 895 2077 ao
909 2020 1041 2078 terarum
1052 2034 1136 2077 more
1148 2018 1290 2078 occidere

319 2117 409 2175 quem
430 2118 492 2161 non
513 2102 637 2161 oderisi
664 2102 722 2161 iltis
743 2102 893 2161 tamenin
914 2102 1059 2161 ultionem
1077 2110 1129 2161 aut
1149 2117 1189 2161 ex
1212 2103 1290 2161 same

318 2201 439 2244 morsus
461 2191 522 2244 est:
551 2201 608 2244 nos
631 2185 697 2244 sine
718 2187 780 2245 ulia
803 2186 991 2259 parsimonie
1016 2186 1112 2245 nostri
1137 2186 1290 2260 alienique

318 2267 475 2341 sanguinis
496 2284 654 2327 movemus
671 2275 835 2328 manumet
852 2267 972 2342 navigia
989 2268 1184 2338 deducimuS‚
1209 2270 1286 2329 saiu-

319 2351 611 2410 tem'committimus
632 2349 791 2424 fluetibus,
819 2353 974 2411 secundos
1002 2359 1142 2425 optamus
1170 2360 1288 2421 ventos,

277 2447 447 2506 10quorum
461 2434 587 2492 felicitas
599 2441 647 2494 est
657 2434 696 2492 ad
707 2434 787 2493 belia
800 2436 936 2508 perferri.
962 2435 1128 2508 Quousque
1140 2450 1199 2493 nos
1211 2436 1289 2494 matu

319 2523 423 2575 nostra
441 2522 628 2590 rapuerunt?
654 2533 761 2591 parum
783 2524 831 2577 est
851 2518 927 2577 intra
942 2519 1047 2577 orbem
1068 2533 1158 2576 suum
1172 2518 1288 2576 furere=

319 2599 364 2659 sic
377 2598 536 2659 Persarum
551 2615 606 2657 rex
621 2599 835 2660 stolidissimus
850 2601 880 2658 in
894 2598 1050 2660 Graeciam
1060 2599 1181 2672 treiciet
1199 2614 1287 2675 quam

318 2682 470 2743 exereitus
492 2699 552 2742 non
573 2685 687 2756 vincet,
711 2700 780 2743 cum
795 2684 964 2758 inpleverit.
992 2684 1037 2743 sic
1051 2684 1230 2742 Alexander
1244 2683 1287 2743 ui·

317 2765 409 2825 terior
428 2766 545 2826 Bactris
566 2772 596 2824 et
613 2767 695 2825 Indis
710 2769 792 2826 volet
807 2782 969 2840 quaerere,
991 2768 1063 2841 quid
1079 2765 1119 2825 sit
1133 2768 1286 2825 ultrama-

264 2854 266 2865 “
318 2862 410 2920 gnum
431 2864 528 2921 mare,
557 2858 588 2908 et
607 2850 810 2922 indignabitur
830 2865 901 2909 esse
921 2850 1034 2922 aliquid
1058 2849 1197 2908 ultimum
1221 2849 1286 2915 sibi.

318 2930 362 2987 sic
375 2929 491 3003 Parthis
505 2930 631 2990 avaritia
645 2931 788 2991 Crassum
802 2932 897 2992 dabit:
919 2950 980 2991 non
995 2932 1129 2992 horrebit
1143 2932 1227 2992 diras
1241 2947 1286 2991 re

227 3076 243 3082 ..
318 3013 454 3071 vocantis
475 3011 600 3084 tribuni,
622 3029 682 3072 non
698 3022 894 3089 tempestates
911 3016 1080 3089 longissimi
1095 3014 1203 3086 maris,
1227 3031 1286 3075 nou

318 3095 399 3155 eirca
417 3096 601 3170 Euphratem
622 3112 772 3172 praesaga
797 3091 924 3157 tutmina'
943 3106 973 3157 et
997 3100 1073 3158 deos
1096 3098 1287 3158 resistentes.

278 3195 307 3246 11
318 3194 372 3252 per
385 3179 537 3239 hominum
554 3187 584 3238 et
598 3180 725 3240 deorum
740 3183 801 3241 iras
818 3183 856 3240 ad
872 3198 977 3241 aurum
995 3181 1093 3239 ibitur.
1129 3180 1212 3255 Ergo
1227 3196 1287 3240 nou

316 3263 454 3323 inmerito
467 3265 535 3337 quis
544 3263 653 3324 dixerit
663 3280 764 3323 rerum
776 3271 911 3323 naturam
923 3264 1031 3324 meiius
1042 3270 1178 3322 acturam
1193 3264 1289 3324 fuisse

316 3344 490 3417 nobiscum,
515 3345 541 3405 si
562 3355 671 3407 ventos
693 3347 769 3406 flare
787 3348 936 3406 vetuisset
956 3356 985 3407 et
1004 3346 1128 3407 inhibito
1145 3346 1289 3407 disemsu

316 3430 476 3489 iurentium
496 3430 525 3487 in
547 3445 604 3488 sua
626 3446 779 3504 quemque
799 3439 878 3490 terra
896 3437 977 3489 sture
994 3428 1151 3489 iussisset:
1173 3430 1200 3488 si
1216 3431 1288 3491 nihii

315 3512 412 3584 aliud,
436 3518 517 3572 certe
537 3528 593 3572 suo
611 3514 743 3587 quisque
764 3520 877 3573 tantum
891 3528 927 3573 ac
943 3529 1067 3573 suorum
1083 3515 1163 3573 maio
1179 3530 1287 3573 nasce-

315 3603 410 3655 retur=
433 3612 513 3655 nunc
533 3612 639 3670 pamm
660 3597 732 3656 mihi
752 3598 933 3669 domestice,
955 3597 1088 3656 extemis
1105 3612 1231 3671 quoque
1246 3596 1287 3657 ia·

273 3678 484 3740 liberandum
505 3687 561 3740 est.
593 3680 680 3741 Nulla
699 3689 781 3742 terre
799 3688 860 3742 tam
879 3681 971 3755 longe
989 3686 1106 3741 remota
1121 3686 1183 3754 est,
1208 3697 1288 3756 quae
