2942 4384
308 383 380 495 Ι2δῖ
604 431 638 493 L.
658 432 806 492 ANNAEI
828 432 1004 493 SENECAE

315 592 404 660 gutur
422 590 452 643 et
473 579 595 657 spiritu,
619 581 670 655 qui
693 598 749 657 per
768 600 826 643 sua
846 583 952 643 itinera
974 584 1115 644 decurrit
1142 583 1291 646 habemus

315 676 415 727 autem
430 665 607 740 angustiora
619 668 770 740 quaedam
784 669 978 740 receptacula
992 669 1127 741 animae,
1144 684 1200 740 per
1212 685 1292 742 quae

212 784 217 794 ·
315 750 388 810 nihil
403 751 533 824 amplius
549 765 640 822 quarn
655 759 750 823 meat,
768 751 920 825 quaedam
932 752 1114 824 patentiora,
1135 751 1291 825 inquibus

316 834 466 907 colligitur
486 840 516 891 et
536 832 618 891 unde
633 832 776 892 dividitur
789 834 818 891 in
834 840 946 907 partes.
983 833 1034 893 Sic
1046 834 1106 892 hoe
1123 841 1216 892 totum
1232 843 1290 893 ter-

315 933 416 975 rarum
436 915 569 975 omniurn
593 931 704 989 eorpus
726 923 757 975 et
777 917 882 989 aquis,
909 932 989 990 quae
1010 915 1109 975 vicem
1132 917 1291 989 sanguinis

315 1007 432 1070 tenent,
461 1006 492 1059 et
511 997 624 1071 ventis,
654 1015 732 1072 quos
753 998 825 1057 nihil
848 997 931 1057 aliud
952 1000 1020 1073 quis
1043 1015 1133 1072 quam
1160 999 1291 1058 animaru

287 1083 487 1155 vocaverit,
510 1082 648 1155 pervium
670 1089 726 1141 est.
755 1082 831 1141 liaeo
852 1082 913 1141 duo
931 1082 1020 1141 aliubi
1037 1088 1175 1152 currunt,
1199 1083 1290 1141 aliubi

287 1166 494 1226 sconsistunt.
537 1163 599 1224 Sed
620 1165 904 1238 quemadmodum
897 1182 925 1223 in
948 1180 1078 1259 corpore
1094 1172 1201 1224 nostro
1218 1165 1289 1224 dum

315 1250 398 1309 bona
419 1248 551 1307 valitudo
573 1254 633 1320 est,
652 1264 802 1307 uenarum
824 1264 947 1322 quoque
967 1247 1175 1322 inperturbata
1194 1247 1289 1306 mobi-

317 1332 384 1393 litas
409 1332 532 1391 niodum
557 1337 672 1404 servat,
700 1329 753 1389 ubi
773 1329 887 1404 aliquid
909 1330 1030 1390 adversi
1056 1338 1118 1402 est,
1146 1337 1177 1389 et
1199 1330 1291 1389 micat

317 1416 453 1475 crebrius
474 1421 504 1472 et
528 1413 662 1488 suspiria
686 1421 778 1487 atque
798 1413 948 1473 anhelitus
970 1414 1134 1472 laborantis
1157 1428 1194 1472 ao
1216 1413 1290 1472 lessi

317 1500 405 1573 signa
426 1504 511 1557 sunt=
533 1497 574 1556 ita
595 1495 683 1556 terrIs
705 1513 830 1570 quoque
851 1497 923 1556 dum
943 1498 1053 1570 positio
1072 1496 1217 1555 naturalis
1235 1503 1289 1567 est,

317 1582 521 1641 inconcussae
541 1587 672 1639 manent.
710 1595 778 1638 cum
800 1580 914 1653 aliquid
940 1588 1099 1654 peccatur,
1121 1585 1185 1637 tuni
1206 1580 1291 1639 velut

316 1664 399 1736 aegri
416 1664 554 1736 corporis
569 1672 669 1722 motus
686 1668 748 1733 cst,
772 1662 880 1735 spiritu
894 1663 960 1734 illo,
976 1661 1028 1737 qui
1039 1662 1209 1721 modestius
1222 1678 1289 1736 per-

317 1747 445 1818 llnebat,
467 1745 526 1803 icto
548 1744 757 1803 vehementius
772 1752 801 1803 et
817 1753 982 1819 quassante
998 1761 1092 1804 venas
1109 1760 1200 1815 suaS,
1223 1761 1289 1816 nec,

316 1835 348 1895 nt
364 1829 404 1887 illi
420 1829 509 1901 paulo
525 1836 594 1887 ante
609 1828 765 1899 dicebant,
782 1829 892 1903 quibus
908 1830 1018 1887 animal
1034 1830 1134 1901 placet
1148 1842 1221 1886 esse
1232 1837 1289 1888 ter-

316 1928 394 1970 ram=
417 1927 486 1970 uum
507 1911 532 1969 si
554 1911 613 1972 hoe
632 1917 693 1983 est,
716 1911 971 1985 quemadmodum
994 1912 1103 1969 animal
1119 1918 1183 1970 tota
1196 1926 1289 1969 vexa·

317 1995 429 2055 tionem
451 1995 568 2053 sentiet.
601 1995 801 2067 nequeenim
823 1995 852 2052 in
873 1995 961 2054 nobis
981 1993 1073 2052 lebris
1095 1994 1170 2052 alias
1187 2001 1289 2066 partes

316 2077 491 2137 mordacius
503 2076 632 2151 inpellit,
649 2077 703 2135 sed
718 2092 774 2150 per
785 2077 886 2135 omnia
901 2078 965 2151 pari
977 2076 1160 2150 aequalitate
1172 2076 1288 2135 discur-

288 2161 362 2226 srit.
398 2160 478 2218 Vide
498 2176 587 2234 ergo,
608 2160 756 2233 numquid
776 2162 865 2219 intret
885 2159 914 2218 in
936 2161 1016 2218 illurn
1038 2159 1164 2233 spiritus
1178 2175 1219 2217 ex
1234 2159 1288 2217 cir-

318 2243 457 2302 cumfuso
478 2246 564 2314 aare,
588 2242 640 2315 qui
661 2243 806 2316 quamdiu
827 2242 918 2301 habet
938 2244 1064 2314 exitum,
1094 2241 1160 2299 sinc
1181 2240 1288 2300 iniuria

317 2326 435 2385 labitur.
465 2324 490 2382 si
509 2324 635 2383 offendit
649 2324 764 2398 aliquid
778 2332 808 2383 et
825 2325 943 2397 incidit,
965 2325 1047 2399 quod
1062 2324 1143 2382 viam
1158 2324 1287 2393 claudat,

317 2416 389 2469 tunc
412 2415 552 2466 oneratur
571 2407 667 2480 primo
689 2407 866 2467 infundente
887 2416 1053 2481 scalenga
1069 2410 1150 2466 aare.
1178 2406 1288 2465 deinde

317 2506 373 2566 per
387 2489 517 2563 aliquam
532 2490 637 2547 rimam
653 2491 783 2563 maligne
800 2490 874 2564 fugit
885 2498 915 2549 et
926 2490 985 2550 hoe
997 2491 1096 2550 acrius
1110 2492 1212 2561 lentur,
1229 2503 1287 2563 quo

318 2572 486 2647 angustius.
508 2573 539 2632 id
554 2572 620 2632 sine
635 2588 738 2647 pugna
751 2590 811 2633 non
828 2580 929 2647 potest
942 2574 1022 2645 fieri,
1040 2588 1097 2632 nec
1108 2588 1213 2646 pugna
1224 2572 1288 2631 sine

289 2663 409 2717 lmotu.
442 2658 483 2715 At
503 2656 528 2715 si
550 2672 587 2714 ne
607 2656 714 2715 rimam
736 2658 874 2730 quidem,
902 2672 957 2729 per
982 2673 1073 2730 quam
1098 2655 1221 2726 ellluat,
1245 2654 1287 2712 in-

316 2739 414 2810 venit,
433 2739 632 2812 conglobatus
645 2740 703 2797 illie
716 2740 786 2798 lurit
798 2747 828 2799 et
839 2740 899 2797 huc
911 2747 1003 2813 atque
1015 2740 1065 2798 illo
1078 2737 1289 2811 circumagitur

318 2823 438 2895 aliaque
458 2822 561 2895 deicit,
581 2822 640 2880 alia
660 2822 822 2895 intercidit,
845 2838 913 2881 curn
935 2820 1129 2881 tenuissimus
1146 2821 1289 2893 idemque

318 2904 503 2962 lortissimus
525 2911 554 2963 et
575 2904 693 2976 inrepat
713 2905 853 2978 quamvis
874 2906 902 2963 in
925 2905 1080 2964 obstructa
1095 2910 1126 2961 el
1143 2902 1288 2977 quicquid

317 2984 453 3057 intravit,
476 2986 505 3042 vi
527 3002 583 3044 sua
604 2986 726 3045 diducat
744 3002 778 3045 ao
795 2989 937 3061 dissipet=
964 2996 1035 3047 lunc
1055 2996 1135 3046 terra
1152 2986 1287 3044 laetatur.

319 3075 369 3128 arit
383 3068 462 3127 enim
479 3068 585 3127 datura
601 3077 690 3128 vento
705 3070 807 3129 locum
822 3070 964 3138 discedit,
988 3078 1039 3129 aut
1054 3085 1121 3127 curn
1138 3069 1238 3141 dedit,
1259 3067 1288 3125 in

318 3152 431 3227 ipsam,
455 3167 515 3226 qua
534 3152 616 3211 illum
632 3152 745 3226 emisit,
769 3169 930 3212 cavernam
945 3155 1141 3213 fundamento
1159 3150 1290 3225 spoliata

320 3235 460 3297 considit.
536 3304 537 3307 Ἴ

381 3317 447 3375 XV.
474 3316 630 3390 Quidam
652 3318 704 3378 ita
726 3319 965 3379 existimant=
988 3319 1081 3377 Terra
1094 3317 1198 3377 multis
1212 3316 1290 3377 locis

321 3402 474 3475 perforata
489 3408 605 3459 estnec
620 3408 734 3460 tantum
749 3401 864 3475 primos
880 3404 947 3460 illos
965 3401 1064 3461 aditus
1079 3400 1185 3468 habet,
1210 3414 1289 3474 quos

319 3485 403 3543 velut
418 3483 601 3558 spiramenta
615 3484 653 3541 ab
667 3484 752 3543 initio
768 3485 815 3554 sni
832 3486 961 3559 recepit,
983 3485 1039 3543 sed
1054 3485 1165 3544 multos
1183 3483 1224 3541 illi
1241 3498 1290 3542 ca·

321 3583 374 3627 sus
397 3566 546 3641 inposuit:
573 3565 665 3625 aliubi
686 3568 824 3640 deduxit,
851 3568 997 3642 quicquid
1022 3582 1156 3641 superne
1179 3564 1292 3625 terreni

322 3658 400 3724 erat,
422 3666 517 3724 aqua,
541 3650 600 3709 alia
615 3658 763 3711 torrentes
780 3651 933 3726 cecidere,
955 3650 1007 3711 illa
1021 3651 1158 3711 aestibus
1172 3647 1291 3725 magnis
