2942 4384
276 533 280 539 Ι
377 449 433 521 nn
448 443 660 517 reuertens
682 453 805 514 trev.
826 460 893 519 er.
1084 452 1125 517 ot

147 601 301 675 amnium,
326 601 457 661 maxime
483 603 666 677 potentium,
692 604 797 663 maiuit
822 604 863 663 itti
885 612 992 665 nasute
1014 620 1127 679 negare

147 704 239 762 ruam
263 685 484 746 contumaciter
502 695 554 745 aut
568 688 718 762 superbe:
742 688 817 746 dixit
832 704 867 747 se
882 689 963 748 nolte
977 688 1127 747 benetie-ia

147 773 177 831 tb
204 786 249 831 eo
272 768 431 843 accipere,
453 769 501 828 cui
523 787 583 830 non
606 780 714 845 posset
733 770 821 845 paria
841 772 983 830 reddere.
1018 772 1127 830 Timuit

147 856 298 925 ortasse,
319 867 358 910 ne
379 859 539 925 cogeretur
560 854 716 929 accipere,
738 870 817 928 quae
833 856 935 915 nottet.
962 854 1072 926 timuit,
1088 869 1126 913 ne

147 938 219 1013 ruid
237 935 397 1009 indignum
410 935 536 996 Socrate
551 937 713 1011 acciperet.
741 938 829 998 Dicet
841 938 967 1011 aliquis=
989 953 1125 1010 „negas
1140 944 1157 1000 7

147 1029 205 1092 tet,
225 1018 255 1079 si
272 1019 394 1079 veliet.“
418 1018 479 1077 Sed
495 1019 671 1093 instigasset
684 1021 713 1077 in
730 1036 765 1079 se
782 1036 884 1094 regem
899 1020 1079 1080 insolentem
1096 1028 1127 1079 et

147 1102 251 1166 >mnia
272 1118 330 1160 suo
349 1116 459 1175 magno
480 1102 631 1162 aestimari
648 1104 808 1162 volentem.
838 1103 907 1161 nihii
924 1103 1041 1162 adrem
1058 1120 1125 1177 per·

147 1187 235 1258 inet,
252 1189 353 1246 utmm
368 1185 442 1244 dare
452 1185 565 1259 aliquid
578 1186 641 1259 regi
654 1186 733 1245 nolis
748 1203 787 1245 an
799 1187 939 1259 accipere
953 1202 972 1244 a
985 1203 1073 1260 regor
1096 1186 1125 1245 in

147 1285 250 1345 nequo
278 1275 439 1342 utramque
466 1269 551 1343 ponit
574 1271 746 1343 repulsam,
778 1276 808 1328 et
835 1270 970 1343 superbo
997 1270 1126 1328 fastidiri

147 1351 295 1414 acerbius
307 1359 355 1411 est
367 1367 456 1424 quam
471 1369 532 1411 non
547 1352 654 1411 timeri.
675 1353 729 1411 Vis
743 1352 837 1424 scire,
851 1351 925 1425 quid
936 1366 1008 1410 vere
1020 1352 1125 1411 votue-

147 1437 205 1499 rita
229 1433 387 1496 notutttre
400 1435 440 1495 ad
456 1436 656 1497 voluntariam
672 1435 850 1496 servitutem
865 1434 908 1509 is,
930 1435 1018 1495 cuius
1033 1433 1125 1495 liber-

147 1531 241 1584 utem
256 1520 364 1580 civitas
379 1520 472 1581 iibere
486 1524 565 1582 terre
579 1539 639 1582 non
657 1521 763 1597 potuit.

209 1604 281 1663 vti.
304 1603 399 1677 Sutia,
415 1612 448 1664 ut
462 1607 617 1679 existimo,
633 1606 711 1665 hane
730 1613 845 1680 partem
859 1605 1071 1679 tractavimuS,
1086 1622 1124 1664 an
1141 1614 1155 1665 l

146 1698 238 1763 turpe
260 1695 345 1748 esset
364 1687 522 1750 beneficiis
544 1689 632 1748 vinci.
662 1689 747 1763 quod
768 1690 819 1763 qui
835 1690 968 1764 quaerit,
992 1690 1049 1748 scit
1064 1705 1125 1748 non

147 1773 253 1832 sotere
274 1769 414 1831 homines
437 1771 495 1830 sibi
514 1774 601 1846 ipsos
621 1771 803 1832 beneficium
818 1774 907 1831 dare:
932 1772 1125 1832 manifestum

147 1855 231 1914 enirn
246 1853 356 1914 inisset
370 1870 430 1913 non
445 1870 517 1915 esse
532 1863 618 1931 turpe
632 1872 651 1914 a
665 1872 699 1915 se
715 1857 814 1930 ipsum
826 1856 916 1914 vinci.
937 1855 1030 1929 Atqui
1042 1856 1125 1929 apud
1141 1861 1158 1913 a

147 1936 305 2012 quosdam
321 1934 442 1997 Stoicos
457 1944 488 1997 et
502 1938 541 1997 de
557 1939 616 1999 hoc
637 1938 812 2012 ambigiturz
839 1955 883 1997 an
907 1939 1034 2012 possit
1055 1939 1123 1996 ati·

149 2020 239 2095 quis
263 2017 341 2078 sibi
361 2019 594 2081 beneficium
614 2022 714 2081 dare.
744 2037 788 2079 an
809 2021 952 2080 debeat
975 2021 1125 2080 referre

148 2100 228 2163 sibi
249 2102 425 2175 gratiam.
464 2105 547 2178 quod
562 2113 594 2165 ut
609 2104 763 2163 videretur
778 2104 1000 2177 quaerendum,
1017 2102 1068 2161 itta
1083 2104 1124 2161 ie-

149 2194 276 2246 cerunt:
291 2187 427 2246 solemus
442 2186 559 2246 dicere:
571 2190 688 2262 pretias
700 2188 775 2246 mine·
785 2203 843 2261 apo
859 2193 888 2245 et
898 2188 935 2245 dc
948 2188 1029 2245 nullo
1041 2187 1128 2259 queri

147 2285 269 2345 possum
288 2270 348 2327 ulio
368 2287 457 2343 quom
477 2272 515 2331 de
534 2288 597 2331 me:
623 2287 677 2345 epo
696 2271 770 2330 mint
787 2273 904 2329 irascor
927 2276 957 2329 et
973 2285 1027 2343 epo
1045 2285 1065 2328 α
1080 2285 1126 2329 me

147 2368 263 2428 poenae
275 2354 395 2425 epipam
409 2360 439 2411 et
451 2355 503 2414 odi
513 2371 567 2414 me.
593 2356 685 2413 muita
699 2360 857 2428 praeterea
871 2352 1055 2425 huiusmodi,
1071 2368 1127 2426 per

151 2449 234 2510 quae
259 2434 475 2509 unusquisque
500 2437 539 2495 de
566 2452 601 2495 se
624 2444 778 2509 tamquam
804 2438 843 2495 de
864 2437 959 2496 altero
981 2436 1125 2510 loquitur.

149 2516 212 2591 „Si
233 2532 364 2589 nocere,
389 2518 502 2596 inquit,
525 2520 594 2579 mihi
612 2536 756 2594 possum,
783 2534 876 2593 quare
890 2534 951 2578 non
967 2525 997 2577 et
1011 2519 1158 2581 heneti-3

151 2600 230 2661 cium
245 2599 318 2659 mihi
333 2600 406 2660 dare
422 2603 558 2676 possim?
578 2602 737 2663 Praeterea
753 2617 847 2675 quae,
863 2602 889 2660 si
905 2602 933 2659 in
948 2601 1038 2659 atium
1054 2617 1125 2660 con-

151 2683 311 2754 tulissem,
343 2683 491 2744 beneticia
512 2695 708 2755 vocarentur,
742 2700 851 2759 quare,
883 2682 910 2742 si
933 2683 962 2741 in
983 2698 1031 2741 me
1053 2698 1125 2741 con·

153 2767 219 2838 tuti,
244 2782 308 2827 non
323 2766 405 2827 sinti
433 2770 515 2841 quod
537 2772 563 2828 si
579 2769 617 2829 ab
633 2769 727 2827 altero
744 2767 950 2840 accepissem,
972 2765 1124 2837 deberem,

153 2864 248 2923 qnare
269 2849 297 2909 si
311 2849 383 2909 mihi
399 2851 466 2925 ipse
482 2852 572 2923 dedi,
589 2869 648 2911 non
665 2852 815 2909 ttebeamt
836 2865 930 2925 qrrare
945 2849 1000 2907 sim
1017 2850 1124 2908 adver·

153 2948 206 2993 sus
222 2947 274 2990 me
288 2933 439 3007 ingratus,
463 2935 545 3009 quod
567 2952 627 2995 non
649 2935 749 2993 minus
771 2943 858 3008 turpe
875 2940 923 2992 est
937 2950 1029 3007 quarn
1044 2933 1072 2992 in
1091 2949 1126 2993 se

155 3016 313 3076 sordidum
332 3031 404 3076 esse
428 3025 458 3077 et
476 3019 506 3077 in
527 3034 561 3077 se
583 3019 691 3077 durum
712 3034 749 3077 ac
768 3033 895 3076 saevum
917 3024 946 3074 et
960 3016 1008 3076 sui
1023 3018 1125 3091 negle-

155 3104 296 3171 gentemt
321 3100 394 3158 Tam
414 3100 504 3159 alieni
520 3103 661 3174 corporis
682 3102 753 3159 teno
769 3101 847 3159 male
861 3098 946 3159 audit
961 3116 1052 3172 quam
1068 3099 1125 3158 sui.
1139 3110 1158 3162 4

154 3180 267 3256 Nempe
291 3183 523 3256 reprehenditur
548 3185 724 3244 adsentator
750 3190 780 3243 et
807 3184 906 3242 altena
930 3182 1126 3253 subsequens

155 3264 262 3335 verbe,
289 3273 413 3339 paratus
440 3268 479 3325 ad
504 3267 581 3326 salsa
606 3268 755 3327 laudator.
790 3281 851 3324 non
878 3262 978 3321 minus
1001 3263 1127 3336 placens

157 3346 209 3405 sibi
229 3351 263 3407 et
282 3361 318 3406 se
338 3350 512 3423 suspiciens
533 3357 579 3421 et,
606 3358 639 3410 ut
653 3350 694 3408 ita
709 3348 824 3419 dicam,
850 3346 1027 3405 adsentator
1041 3362 1126 3406 suus.

157 3428 233 3489 Vitia
247 3446 310 3490 non
325 3437 441 3491 tantum
456 3448 524 3493 cum
539 3433 614 3491 toris
631 3437 760 3507 peccant
772 3428 870 3488 invisa
885 3436 970 3501 sunt,
988 3429 1042 3489 sed
1059 3444 1127 3487 cum

158 3512 183 3571 in
202 3528 238 3574 se
259 3520 484 3588 retorquentur.
516 3516 610 3589 Quem
632 3515 730 3587 magis
751 3513 951 3572 admiraberis
968 3528 1058 3586 quam
1075 3512 1159 3585 quis

159 3593 282 3671 inperat
296 3597 370 3671 sibi,
387 3614 478 3673 quam
495 3601 547 3673 qui
562 3598 702 3658 sehabet
717 3598 746 3655 in
764 3602 936 3671 potestate?
955 3595 1067 3654 Gentes
1084 3597 1097 3652 i
1114 3626 1126 3635 ·

161 3679 240 3742 citius
266 3688 317 3743 est
341 3681 490 3742 barbaras
510 3681 756 3758 inpatientesque
776 3679 866 3741 alieni
887 3677 1002 3741 arbitrii
1021 3693 1128 3759 regere
