2942 4384
368 523 509 588 uarua.
525 526 686 601 eunusr.
709 528 843 588 maru.
865 538 999 592 20-25.
1108 532 1171 595 aar

196 676 381 754 quibusdam
395 677 527 736 videtur:
550 685 619 751 pest
630 678 712 735 illum
725 694 764 736 ex
778 679 998 751 posterioribus
1010 681 1170 756 coelestes,

195 778 274 837 quas
287 760 390 819 nubila
402 759 571 819 excutiunt:
587 776 626 818 ex
637 761 767 820 terrenis
780 762 856 820 aliae
868 769 952 835 sunt,
967 770 999 821 ut
1010 763 1050 821 ita
1061 764 1169 834 dicam,

196 851 446 918 supernatantes,
477 860 556 917 quae
577 844 606 901 in
628 861 746 903 surnma
765 844 856 905 humo
877 854 1001 920 repunt,
1024 847 1101 905 aliae
1116 848 1168 907 ab·

196 929 292 999 ditae,
315 942 442 1001 quarum
458 926 576 985 reddita
591 935 638 985 est
652 928 737 986 ratio.

256 1010 364 1069 XXIV.
388 1009 1033 1087 Quarequaedamaquaeealeant,
1052 1026 1197 1087 quae-1

196 1095 280 1154 dam
303 1094 415 1151 etiam
436 1094 617 1151 ferveant
642 1093 671 1150 in
692 1101 821 1166 tantum,
842 1093 947 1153 htnnn
965 1097 1084 1170 possint
1099 1113 1170 1156 esse

195 1178 281 1250 usui,
304 1175 364 1234 nisi
383 1183 435 1235 aut
455 1176 484 1233 iu
507 1184 612 1250 aperte
631 1184 820 1235 evanuerunt
834 1186 885 1236 aut
899 1179 1027 1237 mixtura
1043 1179 1170 1252 trigidae

195 1262 404 1333 intepuerant,
428 1261 531 1332 plures
548 1275 660 1317 causae
677 1260 852 1318 redduntur.
888 1261 1091 1334 Empedocles
1107 1264 1170 1321 exi-

196 1345 297 1403 stimat
322 1343 461 1415 ignibus,
494 1359 573 1415 ques
599 1343 700 1401 multis
727 1343 804 1400 loeis
830 1351 909 1400 terra
935 1351 1059 1417 opertos
1088 1346 1169 1417 tegit,

195 1442 307 1501 aquam
330 1426 499 1496 ealeseere,
522 1425 549 1484 si
569 1424 697 1484 subiecti
719 1434 790 1483 sunt
806 1428 888 1498 sele,
912 1444 966 1499 per
983 1427 1066 1501 qued
1081 1430 1174 1501 aquis

195 1510 341 1568 transitus
363 1515 418 1567 est.
457 1508 572 1567 Facere
597 1509 731 1568 solemus
757 1509 907 1568 dracones
934 1517 963 1569 et
987 1510 1113 1568 miliaria
1141 1515 1198 1569 eta

196 1593 362 1666 conplures
378 1592 506 1664 termas,
529 1592 559 1649 in
577 1591 686 1664 quibus
702 1607 808 1650 aereas
823 1593 941 1652 fistulas
957 1593 1100 1652 struimus
1117 1609 1171 1667 per

196 1675 315 1734 declive
337 1674 554 1747 circumdatas,
583 1681 614 1732 ut
635 1690 729 1748 saepe
752 1676 892 1734 eumdem
914 1676 1014 1749 ignem
1032 1677 1169 1735 ambiens
1261 1727 1263 1731 .

195 1774 278 1831 aqua
301 1764 489 1831 partenium
510 1757 585 1815 fluat
606 1760 709 1831 spatii,
734 1766 877 1830 quantum
894 1760 1056 1818 elfieiendn
1076 1760 1169 1819 ealori

195 1851 243 1901 sat
258 1848 314 1899 est.
343 1839 450 1913 frigida
466 1840 568 1915 itaque
583 1840 686 1910 intrat,
708 1840 806 1899 elssuit
821 1842 928 1903 calida.
963 1844 1046 1901 Idem
1060 1844 1169 1916 Empe·
1182 1850 1199 1901 3

195 1924 303 1983 doeles
325 1923 484 1981 subterra
506 1924 657 1982 existimat
678 1925 758 1995 lieri,
784 1940 872 1997 quem
894 1941 953 1983 non
971 1927 1031 1982 lalli
1046 1927 1172 1984 credent

193 2011 228 2080 a',
254 2006 366 2080 quibus
388 2005 543 2065 balnearia
563 2009 629 2065 sine
650 2007 719 2079 igne
741 2008 892 2065 calefiunt.
928 2007 1060 2081 Spiritus
1075 2008 1104 2065 in
1122 2008 1170 2064 illa

194 2091 319 2148 fervens
341 2090 409 2149 loeo
430 2089 579 2148 aestuanti
600 2090 776 2148 infunditur.
809 2089 858 2147 hie
881 2106 934 2165 per
953 2091 1038 2149 rives
1063 2092 1169 2163 lapsus

194 2190 255 2232 non
272 2171 358 2231 aliter
370 2188 459 2245 quam
476 2174 544 2246 igne
560 2173 682 2232 subdite
699 2172 830 2247 parietes
846 2181 876 2232 et
888 2190 965 2233 vasa
978 2174 1078 2232 balnei
1092 2174 1169 2231 eale-

194 2257 277 2315 laeit.
307 2256 406 2315 amnis
430 2256 561 2329 denique
582 2256 691 2329 frigida
709 2256 837 2315 transita
851 2266 982 2316 mutatur
996 2258 1024 2315 in
1042 2258 1171 2314 calidam

192 2355 250 2398 nee
273 2339 363 2398 trahit
378 2354 520 2411 saporem
534 2357 551 2398 e
565 2344 742 2413 vaporario‚
765 2342 837 2415 quia
854 2342 958 2400 elausa
975 2339 1169 2414 praelabitur.

194 2422 323 2496 Quidam
345 2422 517 2480 existimant
539 2438 593 2495 per
610 2424 678 2481 loca
693 2424 838 2497 sulphure
856 2427 944 2496 plena
959 2430 1106 2483 exeuntes
1123 2424 1200 2483 vele

192 2507 381 2565 introeuntes
399 2522 494 2576 aquas
511 2507 644 2564 ealorem
661 2506 811 2565 beneficio
826 2505 986 2580 materiae,
1008 2522 1170 2581 perquam

192 2589 307 2660 lluunt,
323 2587 458 2659 trahere,
475 2589 558 2663 qued
570 2590 639 2661 ipse
652 2591 748 2649 odore
758 2598 911 2663 gustuque
923 2596 1080 2648 testantur.
1101 2588 1170 2646 red-

193 2674 271 2731 dunt
285 2672 363 2731 enim
381 2673 552 2745 qualitatem
571 2674 651 2743 eim,
675 2690 735 2746 qaia
750 2675 885 2745 caluere,
901 2673 1053 2730 materiae.
1083 2670 1171 2743 Quod

192 2772 231 2814 ne
247 2754 389 2813 accidere
402 2755 535 2813 mireris:
558 2755 646 2813 vivae
659 2756 733 2814 ealel
749 2772 858 2829 aquam
877 2755 1016 2828 infunde,
1032 2755 1170 2813 fervebit.

256 2836 350 2895 XXV.
383 2836 573 2909 Quaedam
601 2854 725 2913 aquae
747 2839 972 2898 mortiferae
994 2846 1080 2898 sunt
1101 2843 1199 2896 neel

193 2922 316 2981 odore
342 2920 539 2981 notabiles
565 2937 632 2979 nee
656 2938 807 2996 sapere.
845 2922 930 2981 Circa
944 2923 1124 2996 Nonacriam
1140 2921 1171 2978 in

191 3004 328 3064 Arcadia
344 3001 421 3081 Styx
438 3005 590 3078 adpellata
602 3004 639 3062 ab
653 3004 761 3064 ineolis
773 3006 910 3064 advenas
924 3007 1011 3078 lallit,
1027 3007 1171 3080 quianon

193 3088 289 3160 faeie,
317 3104 377 3145 nou
401 3088 496 3147 odore
517 3094 664 3161 suspecta
683 3096 744 3147 est:
769 3089 870 3161 qualia
895 3095 967 3147 sunt
991 3104 1171 3160 magnorum

193 3170 342 3231 artificum
366 3186 497 3243 venena,
525 3187 605 3245 quae
624 3170 811 3243 deprehendi
832 3170 890 3227 nisi
910 3175 1007 3228 morte
1022 3184 1082 3226 nnn
1098 3185 1171 3242 pos·

193 3260 274 3313 sunt.
308 3252 393 3311 Haec
408 3260 522 3326 autem,
547 3254 585 3313 de
602 3269 663 3327 qua
678 3254 769 3326 paulo
782 3258 850 3310 ante
865 3252 968 3322 retuli,
993 3267 1074 3324 aqua
1089 3266 1172 3309 sum·

192 3354 242 3395 ma
259 3336 412 3396 eeleritate
427 3337 605 3411 corrumpit,
622 3350 677 3393 nee
688 3335 823 3394 remedie
836 3335 923 3394 loeus
937 3340 998 3403 est,
1015 3332 1088 3408 quia
1100 3350 1169 3407 pro-

192 3423 274 3481 tinus
286 3420 396 3478 hausta
409 3420 542 3492 duratur,
557 3435 615 3478 nee
627 3418 713 3477 aliter
725 3435 816 3492 quam
828 3434 962 3495 gypsum
975 3418 1031 3476 sub
1043 3416 1170 3474 humore

193 3503 411 3577 constriugitur
426 3512 454 3563 et
469 3504 582 3578 adligat
597 3501 726 3561 viscera.
756 3502 810 3562 Est
825 3509 924 3561 autem
940 3501 1032 3559 noxia
1046 3515 1126 3573 aqua
1141 3499 1200 3557 ina

192 3586 353 3647 Thessalia
375 3586 455 3645 eirea
475 3587 602 3661 Tempe,
624 3601 715 3660 quam
730 3594 761 3645 et
775 3587 840 3645 lera
854 3594 883 3644 et
903 3600 997 3658 pecus
1014 3598 1102 3641 omne
1119 3582 1171 3640 de·

192 3673 276 3730 vitat.
301 3685 356 3744 per
370 3670 482 3729 serrum
499 3677 528 3729 et
542 3685 595 3728 aes
615 3670 690 3727 exit:
713 3675 795 3727 tanta
810 3669 857 3728 vis
874 3675 921 3727 est
936 3668 976 3725 illi
992 3667 1080 3726 etiam
1096 3666 1173 3724 dura

191 3753 365 3814 mordendi.
393 3769 450 3813 nee
470 3754 596 3813 arbusta
617 3752 739 3828 quidem
755 3755 815 3812 ulla
830 3752 882 3810 alit
896 3759 926 3810 et
942 3751 1054 3811 herhas
1074 3758 1171 3809 necat.

950 3835 1007 3894 15*
