2942 4384
265 437 308 501 42
549 437 583 497 L.
605 437 753 497 ANNAEl
775 436 951 497 SENECAE

234 589 368 651 edicam
387 586 553 647 adduxisse
575 584 736 645 morientis
763 584 847 643 Haeo
868 585 937 660 quis
953 582 1147 647 aestimabit?
1168 587 1234 663 quis

268 672 465 731 dissimilibus
479 670 637 730 benefieiis
652 670 767 729 iubebit
780 668 931 727 benefida
941 669 1086 743 pensarit
1110 671 1235 743 ‚Donavi

266 756 319 816 tibi
339 756 490 815 domumz‘
518 753 596 826 „sed
617 768 674 826 ego
693 759 775 812 tuam
799 768 894 826 snpra
915 759 944 810 te
963 768 1054 811 ruere
1070 755 1234 828 praedixi.“

267 838 355 914 ,Dedi
373 838 436 905 tibi„
451 835 688 911 patrimoniumz‘
716 835 794 908 „sed
819 852 876 908 ego
902 837 1050 908 nautrago
1074 838 1235 897 tabulam.“

267 921 413 995 ,Pugnavi
439 936 495 994 pro
520 927 548 978 te
570 917 599 977 et
614 920 740 979 volnera
755 919 896 991 exeepi=‘
920 925 977 990 „at
997 934 1055 992 ego
1078 920 1171 979 vitam
1185 920 1235 980 tibi

268 1005 388 1065 silentio
410 1003 512 1061 dedi.“
543 1002 615 1061 Cum
636 1003 722 1061 aliter
736 1002 920 1061 beneficium
941 1002 1043 1076 detur,
1066 1003 1154 1062 aliter
1169 1005 1234 1064 red·

267 1089 368 1159 datur,
392 1086 478 1160 paria
492 1086 593 1145 tacere
608 1084 732 1144 dittieite
750 1093 806 1144 est.

237 1182 252 1232 1
328 1171 364 1229 X.
386 1170 476 1229 Dies
500 1177 708 1243 praeterea
729 1167 926 1228 beneficio
945 1168 1146 1230 reddendo
1164 1185 1234 1229 non

268 1252 425 1325 dieitur,
442 1253 521 1312 sieut
534 1252 684 1326 pennulae
696 1252 839 1311 creditae.
862 1252 966 1327 itaque
981 1259 1081 1326 potest
1098 1254 1151 1327 qui
1164 1270 1236 1313 non·

268 1338 340 1396 dum
354 1336 486 1396 reddidit
498 1337 638 1395 reddere.
656 1335 705 1393 dio
716 1334 796 1394 enim
808 1336 887 1394 intra
899 1337 983 1409 qnod
995 1343 1116 1409 tempus
1129 1336 1236 1411 depre·

267 1418 1237 1493 hendaturingratus.Maximabenetioiaprobationeur

268 1521 340 1563 non
361 1504 518 1574 babent,
540 1518 635 1576 saepe
650 1501 727 1561 intra
743 1504 863 1561 tacitam
880 1503 1010 1562 duorum
1022 1504 1238 1563 conscientiam

269 1590 369 1647 latent.
405 1604 445 1645 an
459 1586 518 1645 boo
533 1586 719 1659 inducimuS,
741 1593 854 1646 utnon
877 1586 984 1646 demus
1006 1587 1159 1646 beneficia
1174 1588 1238 1647 sine

206 1733 208 1740 ,
240 1676 364 1731 ateste?
403 1670 515 1742 Quam
546 1670 688 1728 deinde
711 1685 874 1743 poenam
899 1670 1067 1743 ingratis
1093 1671 1236 1731 eonsti-

268 1755 433 1815 tuimust
453 1769 544 1811 unam
562 1752 717 1825 omnibus,
742 1768 810 1812 oum
831 1752 968 1825 disparia
988 1754 1139 1813 beneficia
1159 1755 1239 1814 sintt

270 1854 308 1897 an
329 1836 520 1911 inaequalem
544 1844 575 1895 et
594 1852 651 1910 pro
677 1836 827 1910 cuiusque
849 1836 999 1896 beneficio
1021 1836 1168 1896 maiorem
1190 1842 1239 1896 ant

269 1921 438 1979 minorem?
459 1921 542 1993 Age,
560 1919 638 1979 intra
654 1920 814 1993 pecuniam
829 1919 999 1979 versabitur
1013 1920 1143 1980 taxatio:
1167 1920 1239 1995 quid

270 2004 353 2079 quod
374 2004 524 2078 quaedam
545 2004 624 2062 vitae
644 2002 794 2062 beneficia
813 2008 884 2063 sunt
903 2010 934 2063 et
954 2003 1069 2063 maiora
1082 2004 1165 2063 vitan
1193 2002 1239 2062 bis

269 2103 349 2163 quae
364 2086 606 2161 pronuntiabitur
622 2092 743 2160 poenae
763 2087 862 2145 minor
872 2085 1044 2146 beneficiet
1061 2086 1168 2160 iniqua
1184 2093 1239 2146 est

268 2188 325 2247 par
340 2179 369 2231 et
384 2166 544 2245 ospitalis?
573 2170 644 2245 quid
670 2169 863 2229 inhumanius
885 2186 977 2244 quarn
1003 2178 1147 2231 cruentos
1169 2183 1239 2230 esse

267 2255 486 2314 beneficiorum
499 2254 620 2312 exitus?

238 2348 254 2401 1
278 2394 279 2397 ,
330 2337 380 2395 XI.
403 2336 628 2411 „Quaedam
651 2336 764 2411 inquit,
782 2335 992 2411 privilegia
1008 2335 1239 2411 parentibus

171 2477 182 2487 ,
270 2421 358 2480 data
379 2426 475 2479 sunt.
500 2420 654 2493 quomodo
670 2419 778 2479 horum
794 2428 881 2479 extra
896 2421 1032 2480 ordinem
1048 2418 1151 2480 habita
1161 2419 1239 2480 ratio

270 2510 330 2576 est,
346 2503 391 2562 sio
406 2503 533 2562 aliorum
550 2518 672 2577 quoqne
686 2503 903 2563 beneficiorum
918 2504 1023 2563 haberi
1037 2503 1161 2563 debet“
1185 2503 1239 2563 Pa·

268 2594 385 2646 rentum
408 2586 617 2645 condicionem
639 2587 841 2660 sacravimus,
866 2588 937 2661 quia
958 2585 1141 2661 expediebat
1166 2587 1240 2646 libe-

236 2705 243 2715 ι
268 2688 321 2731 ros
347 2670 426 2731 tolli:
450 2670 631 2730 sollicitandi
656 2671 696 2729 ad
719 2670 800 2730 hune
824 2671 960 2730 laborem
984 2677 1071 2730 era'nt
1094 2669 1239 2730 incertam

269 2755 379 2814 adituri
395 2754 555 2813 fortunam.
591 2770 653 2813 non
670 2760 789 2827 poterat
806 2754 864 2813 iltis
886 2754 961 2825 diei,
985 2753 1069 2828 quod
1088 2752 1240 2813 beneficia

269 2838 411 2897 dantibus
427 2836 551 2895 dieitur:
574 2838 643 2908 „eui
654 2838 713 2896 >des
729 2837 816 2911 enge.
835 2838 902 2910 ipse
917 2844 1031 2910 tecum,
1048 2838 1075 2896 si
1089 2836 1239 2911 deeeptus

269 2936 313 2991 es
330 2934 468 2993 querere.
485 2918 608 2991 dignum
623 2918 765 2978 adiuva.“
786 2920 814 2978 in
829 2920 934 2979 tiberis
949 2922 1091 2980 tollendis
1106 2918 1181 2978 nihii
1196 2922 1238 2980 in-

270 3003 349 3065 dicio
366 3002 532 3061 tollentium
547 3002 631 3061 tieet=
647 3010 709 3062 tota
721 3018 770 3061 res
782 3003 845 3062 voti
857 3011 919 3063 est:
935 3004 1037 3078 itaque
1050 3012 1082 3064 ut
1092 3003 1241 3077 aequiore

270 3086 369 3145 animo
396 3085 514 3145 adirent
539 3087 651 3160 aleam,
679 3086 780 3145 danda
804 3086 865 3145 iilis
888 3087 990 3161 aliqua
1015 3094 1152 3161 potestas
1176 3086 1239 3145 fuit

237 3170 384 3229 2Deinde
405 3167 464 3228 alia
482 3169 622 3229 condicio
638 3175 686 3229 est
701 3176 875 3244 parentum,
895 3170 947 3243 qui
961 3170 1111 3230 beneficia
1127 3170 1240 3243 quibus

269 3254 432 3324 dederunt,
448 3252 520 3313 dant
534 3252 729 3313 nibilominus
746 3253 907 3325 daturique
919 3261 1003 3324 sunt,
1026 3268 1083 3312 nee
1097 3259 1146 3312 est
1159 3252 1240 3326 peri·

269 3339 385 3409 cutum,
409 3351 448 3394 ne
474 3337 597 3396 dedisse
618 3338 704 3411 ipsos
727 3337 918 3395 mentiantur.
958 3337 986 3395 in
1005 3335 1115 3396 ceteris
1129 3333 1240 3411 quaeri

269 3421 359 3480 debet
374 3435 435 3479 non
451 3425 566 3479 tantum
580 3436 619 3478 an
634 3420 821 3495 receperint,
836 3419 892 3478 sed
907 3436 944 3478 an
961 3419 1115 3480 dederint:
1130 3418 1241 3479 horum

268 3502 299 3563 in
315 3503 459 3563 confesso
474 3501 581 3561 merita
594 3510 673 3562 sunt.
703 3511 733 3564 et
747 3505 820 3577 quia
833 3502 905 3563 utile
925 3511 973 3563 est
993 3503 1141 3563 iuventuti
1163 3502 1240 3576 regi,

269 3586 461 3659 inposuimus
482 3586 523 3644 itii
544 3584 634 3659 quasi
653 3587 840 3646 domesticos
861 3586 1070 3660 magistratus,
1092 3586 1150 3645 sub
1163 3600 1240 3659 quo·

237 3676 336 3731 arum
360 3670 500 3731 custodia
525 3668 740 3731 contineretur.
781 3668 898 3729 Deinde
924 3671 1058 3732 omnium
1078 3676 1241 3747 parentum
