2942 4384
328 466 390 531 152
614 426 1009 529 cuunanr'snunonn

296 627 312 682 1
385 623 504 684 XXVII.
538 623 570 684 si
591 624 643 685 tibi
664 624 745 684 vitae
765 631 890 684 nostrae
911 638 985 682 vcra
1005 623 1106 698 imago
1132 631 1294 697 succurret,

326 706 478 768 videberis
493 707 546 767 tibi
560 708 665 767 videre
681 715 788 781 captae
804 724 872 767 cum
890 708 1020 765 maxime
1036 708 1166 767 civitatis
1181 708 1295 779 laciem,

325 790 355 850 in
371 808 431 865 qua
446 792 561 852 omisso
577 791 703 865 pudoris
718 792 855 865 rectique
870 799 1013 865 respectu
1025 789 1108 850 vires
1124 792 1155 849 in
1168 790 1295 851 concilio

325 882 396 935 sunt
415 877 497 934 velut
517 874 604 948 signo
626 874 665 933 ad
687 873 900 949 permiscenda
921 874 1022 932 omnia
1036 875 1117 934 dato.
1147 890 1210 933 non
1228 871 1295 947 igni,

325 974 386 1017 non
402 959 482 1016 lerro
497 957 678 1017 abstinetur:
701 959 801 1017 soluta
822 956 939 1030 legibus
955 958 1073 1016 scelera
1087 964 1169 1017 sunt.
1198 972 1239 1016 ne
1252 972 1296 1015 re
1313 1022 1318 1027 ‚

325 1041 396 1114 ligio
418 1042 553 1115 quidem,
584 1056 663 1115 quae
684 1042 865 1099 interamna
885 1040 1008 1099 hostillo
1032 1041 1190 1115 supplices
1215 1038 1296 1111 texit,

295 1124 418 1183 tullum
437 1124 675 1199 inpedimentum
697 1132 745 1184 est
763 1124 912 1183 ruentium
933 1124 961 1181 in
985 1124 1139 1197 praedam.
1181 1124 1240 1182 Hie
1260 1138 1297 1182 ex

325 1207 458 1281 privato,
485 1208 533 1266 hic
554 1223 592 1265 cx
615 1208 752 1281 publico,
772 1207 821 1266 hic
842 1223 881 1265 ex
902 1209 1046 1281 prolana,
1076 1205 1125 1265 bic
1148 1222 1187 1265 cx
1210 1222 1296 1266 sacro

323 1290 412 1363 rapit.
441 1291 489 1349 bic
506 1290 650 1364 effringit,
672 1290 721 1349 bic
743 1290 897 1350 transsilit.
924 1290 973 1349 hic
991 1306 1051 1350 non
1068 1297 1232 1350 contentus
1247 1306 1295 1347 an-

325 1381 415 1449 gusto
437 1374 541 1433 itinere
564 1375 645 1448 ipsa,
671 1375 782 1448 quibus
804 1380 937 1446 arcetur,
960 1373 1066 1433 evertit
1085 1379 1115 1432 et
1135 1372 1166 1432 in
1180 1374 1297 1433 lucrum

324 1458 412 1516 ruina
425 1458 517 1517 venit.
546 1458 593 1515 bic
609 1459 674 1516 sine
691 1458 787 1515 caede
801 1458 977 1531 populatur,
993 1456 1043 1514 hic
1059 1458 1160 1530 spolia
1174 1464 1299 1515 cruenta

325 1557 416 1599 manu
438 1547 545 1613 gestat.
577 1556 666 1599 nemo
689 1556 751 1599 non
771 1542 829 1600 lert
848 1540 964 1614 aliquid
985 1556 1023 1597 ex
1045 1540 1150 1599 altero.
1185 1540 1220 1598 In
1241 1539 1298 1597 hac

326 1623 467 1682 aviditate
481 1623 602 1697 generis
617 1623 740 1682 humani
755 1641 773 1683 o
789 1639 847 1683 nac
862 1630 892 1682 tu
907 1621 996 1682 nimis
1012 1624 1151 1682 lorttrnae
1163 1639 1297 1683 commu·

218 1764 224 1784 Ι
325 1707 372 1763 nis
394 1707 504 1765 oblitus
525 1722 574 1779 ιε,
605 1707 655 1779 qui
678 1708 800 1780 quaeris
822 1707 899 1765 inter
922 1706 1078 1780 rapientes
1099 1708 1297 1765 referentem!

297 1785 357 1847 3Si
386 1787 553 1863 indignaris
580 1792 714 1863 ingratos
742 1805 827 1862 csse,
854 1789 1012 1863 indignare
1033 1790 1228 1863 luxuriosoS,
1253 1789 1297 1848 iu

326 1872 452 1945 dignare
474 1889 600 1947 avaros,
628 1873 786 1946 indignare
807 1872 983 1946 inpudicae,
1008 1872 1166 1945 indignare
1186 1887 1298 1948 aegros

327 1956 494 2027 deformes,
521 1972 611 2016 senes
637 1956 776 2031 pallidos.
817 1955 872 2014 Est
895 1956 972 2015 istuc
994 1954 1230 2029 graverinum,
1252 1963 1299 2015 est

325 2038 514 2101 intolerabile
530 2048 559 2101 et
571 2040 651 2115 quod
666 2039 812 2098 dissociet
825 2038 977 2109 homines,
995 2038 1080 2113 quod
1091 2039 1298 2109 concordiam,

327 2140 387 2198 qua
408 2123 587 2184 inbecillitas
609 2130 713 2183 nostra
728 2123 862 2192 lulcitur,
886 2122 1006 2181 scindat
1022 2137 1059 2180 ec
1074 2122 1220 2195 dissipet,
1242 2122 1298 2181 sed

325 2222 426 2281 usque
446 2223 483 2267 co
505 2209 630 2281 volgare
651 2213 712 2279 est,
735 2205 857 2265 utillud
878 2220 935 2266 nec
954 2206 1005 2280 qui
1023 2205 1159 2280 queritur
1173 2204 1298 2281 quidem

326 2289 474 2363 cfftrgcrit.
725 2304 727 2308 '

294 2372 310 2423 1
387 2372 518 2431 XXVlll.
553 2373 657 2448 Cogita
678 2381 796 2445 tecum,
827 2390 865 2433 an
895 2372 1140 2449 quibuscumque
1165 2372 1297 2433 debuisti

327 2458 452 2529 gratiam
474 2457 631 2529 retuleris,
659 2474 697 2515 an
718 2458 831 2516 nullum
853 2473 996 2532 umquam
1018 2459 1100 2531 apud
1124 2464 1153 2516 te
1175 2458 1298 2531 perierit

327 2540 473 2614 officium,
496 2557 532 2598 an
550 2541 680 2600 omnium
698 2547 726 2599 te
741 2540 959 2600 beneficiorum
974 2541 1118 2599 memoria
1129 2541 1297 2599 comitetur.

325 2622 463 2697 Videbis,
477 2640 555 2698 quac
568 2640 662 2699 puero
676 2625 746 2683 data
757 2630 836 2697 sunt,
852 2633 921 2683 ante
933 2624 1169 2683 adulescentiam
1181 2625 1297 2697 elapsa,

224 2769 237 2790 .
327 2723 406 2781 quae
421 2706 449 2765 in
463 2709 602 2767 iuvenem
614 2709 732 2767 conlecta
745 2713 828 2779 sunt,
844 2724 905 2765 non
918 2707 1102 2781 perdurasse
1114 2707 1143 2764 in
1157 2715 1296 2768 senectu-

325 2798 394 2848 tem.
432 2791 584 2864 Quaedam
601 2791 802 2864 perdidimuS,
825 2792 974 2864 qrraedam
990 2790 1189 2864 proiecimus,
1205 2805 1296 2865 quae

327 2872 396 2929 dam
412 2887 428 2929 c
443 2880 612 2947 conspectu
626 2880 731 2932 nostro
750 2875 891 2947 paulatim
907 2874 1058 2946 exierunt,
1079 2890 1098 2931 a
1114 2874 1297 2947 quibusdam

293 2955 433 3014 toculos
453 2956 624 3015 avertimus.
661 2957 700 3015 Ut
721 2971 865 3015 excursam
886 2956 939 3016 tibi
962 2954 1185 3018 inbecillitatem
1205 2964 1296 3027 tuam,

325 3036 462 3112 inprimis
481 3040 585 3112 fragile
600 3045 647 3098 est
661 3041 807 3100 memoria
823 3048 852 3100 et
866 3056 965 3099 rerum
979 3039 1086 3100 turbae
1100 3056 1162 3099 non
1174 3039 1296 3099 sufficit

325 3137 454 3181 necesse
475 3128 522 3181 est
543 3131 688 3197 quantum
709 3124 815 3198 recipit
836 3124 948 3185 emittat
969 3130 998 3183 et
1015 3122 1227 3197 antiquissima
1250 3139 1296 3182 rc·

326 3208 508 3266 centissinris
531 3207 648 3267 obruat.
688 3206 739 3265 Sic
760 3209 870 3266 lactum
890 3214 951 3280 cst,
974 3214 1007 3266 ut
1028 3204 1150 3265 minima
1165 3207 1250 3281 apud
1268 3213 1297 3264 tc

325 3290 450 3349 nutricis
472 3298 555 3350 esset
575 3290 753 3364 auctoritas,
783 3290 855 3365 quia
878 3286 1060 3349 beneficium
1087 3290 1154 3348 eius
1175 3289 1296 3363 longius

326 3382 411 3433 actas
426 3389 560 3446 sequens
576 3375 686 3447 posuit.
710 3376 755 3433 sic
770 3375 881 3434 lactum
899 3381 960 3447 est,
979 3381 1012 3432 ut
1024 3374 1234 3447 praeceptoris
1246 3372 1296 3431 tibi

326 3473 386 3517 non
408 3465 492 3516 esset
511 3457 572 3515 ulla
595 3456 758 3517 veneratio.
782 3457 826 3515 sic
843 3457 957 3527 evcnit,
980 3465 1013 3516 ut
1027 3457 1107 3515 circa
1123 3455 1298 3515 consularia

326 3548 476 3614 occupato
493 3542 613 3599 comitia
624 3547 675 3599 aut
686 3540 925 3600 sacerdotiorum
939 3539 1100 3600 candidato
1113 3548 1298 3613 quaesturae

225 3620 228 3626 ’
293 3628 310 3682 3
325 3623 509 3697 sullragator
524 3623 687 3683 excideret.
722 3624 868 3683 Fortasse
883 3623 1001 3693 vitium,
1021 3624 1059 3682 dc
1073 3638 1134 3695 quo
1147 3622 1298 3698 quereris,

325 3706 351 3763 si
379 3713 406 3763 te
431 3706 589 3779 diligenter
613 3709 809 3780 excusseris,
837 3708 866 3765 in
895 3707 964 3766 sinu
991 3705 1140 3766 invenies.
1188 3706 1298 3779 Inique

315 3788 445 3862 publico
463 3788 580 3850 crimini
596 3790 755 3866 irasceris,
775 3793 863 3850 stulte
874 3799 940 3850 tuo:
964 3798 996 3851 ut
1007 3790 1193 3863 absolvaris,
1211 3789 1298 3863 igno·
