2942 4384
404 489 407 494 ,
438 420 488 481 ΒΕ
508 417 864 506 annulinus-Lien.
888 426 1020 484 14-17.
1170 421 1213 486 23

237 576 286 634 vis
305 571 405 647 accipi
422 572 529 646 patiar.
559 570 632 630 Nam
652 577 686 631 ut
707 568 759 644 qui
781 570 898 645 inputat
910 570 1052 646 gratiam,
1074 573 1212 649 destruit,

237 658 280 718 ila
306 656 360 731 qui
386 662 531 730 quantum
552 655 618 723 det,
640 654 786 725 ostendit,
814 670 926 713 munus
952 671 1042 715 suum
1063 673 1217 717 commen·

238 738 567 814 datnonexprolrrat.
595 736 1244 813 Respiciendaesuntcuiquela-3

229 824 416 884 ‘cultates
435 836 530 881 suae
552 821 752 895 viresque,
781 835 825 879 ne
845 828 909 880 aut
931 822 1017 895 plus
1041 830 1211 896 praeste-

237 924 321 967 mus
341 921 450 981 quam
475 920 679 979 possumus
708 909 772 963 aut
798 903 931 964 minus.
971 906 1213 967 aestimanda

237 998 300 1051 est
321 990 404 1049 eius
426 1003 597 1064 persona
617 986 677 1047 cui
699 987 847 1046 damus:
884 988 1035 1061 quaedam
1052 990 1131 1048 enirn
1157 990 1210 1048 mi-

238 1079 414 1144 omasum,
438 1072 530 1146 quani
544 1078 578 1130 ut
592 1070 677 1130 exire
698 1071 848 1142 amagnis
863 1072 936 1130 viris
952 1072 1097 1146 debeant,
1116 1089 1211 1147 quae·

238 1158 310 1217 dam
325 1155 493 1229 accipiente
507 1154 623 1213 maiora
637 1161 716 1213 sunt.
749 1153 914 1230 Utriusque
928 1154 1031 1229 itaque
1047 1172 1211 1230 personam

238 1242 347 1301 conler
360 1247 391 1299 et
406 1240 504 1313 ipsum
521 1238 679 1310 interillos
695 1237 778 1311 quod
794 1238 924 1298 donabis
942 1239 1097 1311 examina,
1124 1257 1210 1299 num·

237 1323 316 1399 quid
330 1330 383 1383 aut
396 1322 479 1381 danti
491 1336 584 1395 grave
605 1321 644 1381 sit
665 1328 715 1380 aut
730 1337 851 1395 parum,
874 1322 1021 1395 numquid
1034 1339 1141 1383 rursus
1158 1324 1210 1399 qui

237 1414 423 1481 accepturus
437 1412 498 1477 est,
521 1413 573 1465 aut
587 1404 720 1464 fastidiat
734 1411 787 1463 aut
801 1420 861 1462 non
877 1405 987 1478 capiat.

301 1490 380 1550 XVI.
403 1487 514 1549 Urbem
536 1486 656 1547 cuidam
673 1488 851 1547 Alexander
871 1486 1006 1547 donabat
1026 1486 1241 1551 vesanus'etl

238 1572 293 1650 qui
309 1573 382 1632 nihil
395 1573 495 1631 animo
511 1572 569 1632 nisi
585 1571 702 1645 grande
716 1572 902 1645 conciperet.
930 1571 1000 1630 Cum
1017 1571 1075 1644 ille,
1090 1572 1140 1632 cui
1155 1573 1210 1631 do-

237 1658 377 1731 nabatur,
393 1656 509 1730 seipse
523 1670 648 1715 mensus
659 1654 732 1713 tanti
744 1654 877 1714 muneris
890 1653 1034 1714 invidiam
1046 1655 1211 1730 refugisset

239 1741 347 1800 dicens
368 1755 429 1800 non
456 1739 622 1798 convenire
643 1739 785 1798 fortunae
807 1754 898 1798 suae:
931 1754 989 1798 non
1009 1756 1135 1814 quaero,
1163 1738 1209 1799 in-

240 1822 322 1897 quit,
337 1824 413 1898 quid
429 1828 457 1882 te
471 1825 608 1897 occipere
622 1823 727 1882 decem
732 1869 740 1894 ‚
752 1823 807 1881 sed
818 1823 893 1896 quid
905 1839 951 1883 me
961 1824 1045 1882 dare.
1060 1822 1211 1883 Animosa

238 1922 303 1966 vox
317 1906 437 1975 videtur
452 1906 593 1979 aregio,
616 1921 685 1964 cum
700 1906 739 1965 sit
754 1904 942 1965 stultissima.
970 1905 1043 1964 nihil
1059 1907 1138 1965 enim
1154 1921 1213 1981 per·

239 2004 275 2049 sc
296 2004 481 2065 quemquam
503 1988 606 2048 decet:
628 1989 720 2048 refert
741 1988 830 2060 quid,
852 1988 915 2061 cui,
942 1989 1081 2062 quando,
1103 2005 1208 2063 quare,

236 2072 305 2141 ubi,
324 2080 355 2132 et
369 2079 480 2143 cetera,
496 2072 563 2130 sine
579 2070 691 2146 quibus
705 2070 776 2159 &eti
790 2070 865 2130 ratio
887 2087 948 2129 non
964 2072 1124 2130 constabit.
1152 2072 1240 2133 Tua

237 2155 438 2216 midissimum
454 2153 579 2213 animal!
603 2154 629 2212 si
643 2155 725 2213 illum
742 2154 882 2228 accipere
896 2153 956 2214 hoc
967 2170 1028 2213 non
1040 2152 1138 2226 decet,
1153 2170 1210 2214 nec

235 2244 267 2299 te
283 2238 371 2298 dare:
387 2237 516 2297 habetur
528 2253 729 2311 personarum
739 2253 776 2296 ac
788 2235 963 2311 dignitatum
975 2237 1073 2311 portio
1087 2244 1125 2311 et,
1141 2254 1209 2297 cum

237 2321 279 2381 sit
302 2320 418 2394 ubique
442 2321 560 2380 virtutis
586 2320 710 2393 modus
732 2336 831 2393 aeque
853 2328 960 2394 peceat
980 2321 1063 2396 quod
1089 2322 1210 2382 excedit

237 2420 332 2479 quam
346 2404 428 2478 quod
446 2403 559 2463 deficit.
591 2403 695 2463 Liceat
709 2403 791 2463 istud
805 2420 879 2463 sane
894 2403 947 2463 tibi
961 2411 991 2463 et
1004 2413 1034 2464 te
1050 2405 1079 2462 in
1095 2412 1210 2465 tantum

237 2490 360 2547 tortunn
386 2487 557 2560 sustulerit,
588 2495 621 2547 ut
651 2487 806 2560 congiaria
831 2494 883 2545 tua
908 2489 1000 2547 urbes
1025 2487 1099 2560 sint,
1129 2506 1208 2563 quas
1276 2528 1279 2536 -

238 2577 354 2645 quanto
378 2570 502 2629 maioris
525 2570 616 2629 animi
640 2571 696 2630 luit
719 2586 780 2629 non
803 2586 915 2643 capere
930 2587 1020 2645 quam
1042 2578 1209 2645 spargere?

237 2660 400 2713 esttamen
415 2652 526 2728 aliquis
542 2654 653 2729 minor,
675 2669 765 2729 quam
780 2660 811 2711 ut
824 2650 855 2710 in
873 2653 943 2713 sinu
962 2654 1027 2713 eius
1048 2655 1208 2713 condenda

237 2735 411 2796 sit‘civitas.

298 2820 392 2879 XVII.
414 2819 462 2879 Ab
477 2819 631 2894 Antigono
653 2820 787 2896 Cynicus
806 2815 880 2893 petit
896 2820 1049 2879 talentum.
1078 2824 1238 2893 respon-1

237 2903 283 2962 dit
300 2904 369 2977 plus
384 2918 455 2963 esse
470 2919 561 2977 quam
576 2904 659 2977 quod
675 2903 808 2979 Cynicus
825 2911 929 2977 petere
944 2904 1077 2964 deberet.
1105 2904 1206 2978 repul-

236 3002 294 3045 sus
315 2986 390 3061 petit
411 2986 576 3045 denarium.
615 2987 775 3061 respondit
793 2988 894 3048 minus
920 3002 991 3047 esse
1012 3004 1103 3060 qnam
1124 2988 1208 3061 quod

235 3083 341 3142 regem
356 3070 480 3129 deceret
495 3070 578 3133 dare.
610 3070 798 3144 Turpissima
811 3078 858 3130 est
875 3071 1025 3130 eiusmodi
1041 3070 1206 3130 cavillatio:

235 3151 353 3212 invenit
373 3153 528 3227 quomodo
551 3161 689 3214 neutrum
711 3154 805 3213 daret.
837 3155 866 3213 in
888 3152 1013 3214 denario
1035 3170 1153 3226 regem,
1177 3154 1206 3210 in

235 3236 350 3295 talento
367 3235 514 3312 Cynicum
528 3237 677 3310 respexit,
700 3252 768 3298 eum
785 3245 893 3312 posset
906 3245 936 3296 et
950 3236 1108 3294 denarium
1133 3238 1212 3294 tam-'
1236 3239 1238 3244 '

236 3333 329 3392 quam
345 3318 460 3393 Cynico
478 3320 552 3379 dare
567 3327 597 3379 et
616 3323 760 3381 talentum
775 3329 927 3393 tamquam
947 3334 1011 3377 rex.
1038 3318 1078 3376 Ut
1097 3318 1136 3376 sit
1154 3317 1207 3376 ali-

236 3402 425 3475 quidmaius
441 3419 532 3477 quam
548 3404 632 3477 quod
648 3404 781 3481 Cynicus
803 3401 949 3476 accipiat,
969 3400 1041 3460 nihil
1062 3408 1122 3459 tarn
1144 3400 1206 3459 exi-

234 3498 328 3557 guum
345 3493 407 3556 est,
426 3486 508 3560 quod
527 3504 588 3545 non
603 3486 731 3547 honeste
746 3483 827 3558 regis
843 3486 1013 3545 humanitas
1032 3484 1150 3544 tribuat.
1173 3484 1237 3543 Str

234 3582 284 3626 me
300 3568 487 3642 interrogas,
503 3569 609 3643 probo.
643 3576 691 3629 est
703 3568 782 3628 enim
797 3568 994 3629 intolerabilis
1009 3584 1059 3643 res
1076 3582 1206 3641 poscere

234 3666 379 3713 nummos
394 3658 424 3711 et
439 3659 642 3714 contemnere.
670 3652 810 3713 Indixisti
830 3653 981 3729 pecuniae
1002 3653 1115 3713 odium.
1146 3651 1205 3712 lroe
