2942 4384
375 452 515 515 NATUR.
532 452 693 528 QUAEST.
715 452 852 513 LlB.Vl.
873 462 1005 516 lo-ll.
1116 454 1177 519 281

204 604 283 680 Quid
297 602 417 679 utrique
432 606 551 678 placent
562 618 723 677 exponam.
756 602 905 677 „Semper
917 604 1017 678 aliqua
1029 620 1176 680 evaporet·
1194 649 1195 652 ,

185 692 246 749 -tio
261 696 337 748 esto
352 689 445 760 teria,
462 704 540 761 quae
554 688 646 745 modo
660 686 745 748 arido
756 694 816 759 est,
831 688 923 745 modo
936 687 1060 748 humido
1072 690 1174 751 mixte.
1264 730 1266 732 ·

202 774 289 832 llaec
309 772 348 830 ab
369 772 471 830 infimo
494 770 573 829 edita
595 779 625 829 et
646 770 837 844 inquantum
856 771 965 844 potuit,
990 772 1082 843 eluta,
1106 789 1176 833 curn

157 854 162 867 “
202 856 377 915 ulteriorem
400 856 513 928 locum,
537 854 565 911 in
584 869 673 926 quem
691 860 795 926 exeat,
817 853 998 926 nonhabet,
1020 863 1101 913 retro
1118 856 1174 914 ser-

203 946 252 999 tur
273 945 364 1011 atque
384 939 413 996 in
435 954 469 997 se
489 937 662 995 revolvitur.
692 936 802 994 deinde
818 937 885 994 rixa
901 938 1026 1010 spiritus
1041 938 1174 1012 recipro-

204 1021 302 1081 cantis
322 1022 411 1080 iactat
432 1020 582 1080 obstantia
603 1026 646 1091 et,
670 1019 735 1078 sive
750 1020 948 1089 interclusus
973 1020 1037 1079 sive
1054 1037 1108 1095 per
1123 1039 1175 1081 an-

202 1112 293 1179 gusto
314 1104 418 1163 enisus
439 1109 501 1176 est,
522 1110 635 1161 motum
653 1118 689 1161 ac
703 1104 860 1161 tumultum
876 1103 964 1161 ciet.“
1000 1102 1118 1164 Straton
1135 1119 1203 1169 exn

203 1188 312 1247 eedem
328 1187 433 1246 schole
448 1194 510 1258 est,
532 1187 583 1259 qui
597 1185 676 1244 hunc
691 1193 806 1259 partem
819 1185 1032 1259 philosophiae
1043 1188 1174 1247 maxime

203 1270 297 1330 coluit
311 1276 341 1328 et
355 1286 455 1329 rerum
471 1276 596 1329 naturae
611 1269 772 1341 inquisitor
786 1270 849 1327 luit.
882 1269 978 1326 Huius
996 1270 1053 1327 tale
1068 1271 1174 1329 decre-

202 1360 266 1413 tum
281 1360 342 1413 est:
370 1354 544 1426 „Frigidum
559 1359 588 1411 et
603 1352 732 1410 calidum
748 1366 869 1425 semper
887 1351 917 1409 in
933 1352 1085 1410 contrarie
1101 1353 1172 1412 abe—

201 1442 271 1510 unt,
291 1453 353 1495 una
372 1452 443 1495 esse
463 1453 524 1495 non
547 1442 688 1509 possunt.
717 1450 754 1493 eo
778 1433 916 1507 frigidum
932 1434 1072 1506 confluit,
1090 1435 1173 1494 unde

201 1520 250 1579 vis
266 1519 363 1578 calida
379 1519 536 1592 discessit,
559 1527 588 1578 et
603 1518 730 1576 invicem
748 1517 787 1576 ibi
800 1518 929 1576 calidum
944 1525 1006 1586 est,
1025 1518 1106 1576 unde
1121 1518 1172 1576 iri-

200 1618 261 1676 gus
282 1604 442 1676 expulsum
464 1609 519 1660 est.
555 1602 621 1661 Hoc
643 1601 725 1674 quod
746 1601 830 1671 dico,
851 1616 955 1659 verum
971 1616 1037 1659 csse
1050 1607 1079 1660 ct
1092 1609 1171 1661 utre-

202 1700 264 1759 que
277 1686 307 1743 in
321 1686 502 1744 contrarium
514 1685 576 1758 ogi,
591 1700 629 1742 ex
642 1684 700 1742 hoc
712 1684 764 1742 tibi
777 1683 936 1757 adpareat:
958 1684 1084 1743 hiberno
1097 1692 1197 1746 tem-3

201 1783 292 1843 pore,
311 1784 378 1827 cum
390 1784 484 1841 supra
494 1774 603 1826 terram
616 1767 710 1840 frigus
722 1774 783 1839 est,
801 1768 898 1825 calent
910 1768 990 1840 putei
1005 1782 1060 1825 nec
1073 1768 1171 1826 minus

199 1865 316 1925 specus
331 1858 422 1925 utque
437 1851 535 1910 omnis
550 1850 607 1909 sub
622 1858 701 1908 terra
715 1865 873 1920 recessus,
896 1850 967 1923 quio
978 1850 1028 1908 illo
1041 1865 1074 1909 se
1088 1851 1172 1910 calor

201 1934 328 1993 cuntulit
349 1934 507 2007 superiora
529 1933 697 2008 possidenti
715 1932 819 2005 frigori
836 1932 959 1990 cedens.
990 1932 1041 2005 qui
1057 1948 1124 1991 cum
1138 1934 1170 1993 in

199 2016 344 2089 interiora
366 2018 503 2090 pervenit
523 2024 553 2075 et
573 2032 610 2075 eo
635 2031 684 2087 se,
707 2022 851 2089 quantum
877 2021 1007 2087 poterat,
1033 2016 1169 2089 ingessit,

201 2115 264 2174 quo
286 2099 409 2159 densior
428 2100 486 2159 hoc
506 2099 635 2158 validior
649 2106 709 2158 est:
731 2098 801 2156 huic
816 2096 893 2156 alius
910 2098 1099 2170 supervenit,
1121 2098 1169 2157 cui

200 2183 377 2242 necessario
398 2189 600 2256 congregatus
620 2183 670 2239 ille
689 2180 748 2239 iem
769 2188 799 2239 et
819 2180 848 2238 in
866 2186 1024 2252 angustum
1042 2195 1168 2254 pressus

200 2266 271 2324 loco
283 2265 373 2325 cedit.
395 2267 477 2324 ldem
490 2272 527 2338 [c]
536 2264 687 2324 contrario
700 2265 808 2333 evenit,
825 2279 892 2321 cum
902 2264 948 2321 vis
960 2265 1056 2321 maior
1066 2264 1195 2337 frigidil

199 2348 293 2408 inluta
312 2348 341 2406 in
364 2350 502 2407 cavernis
523 2355 584 2406 est:
609 2347 754 2421 quicquid
774 2347 834 2405 illic
855 2347 943 2405 calidi
960 2346 1044 2419 latet,
1065 2347 1169 2420 frigori

200 2430 314 2491 cedens
330 2430 391 2490 abit
403 2432 432 2489 in
447 2439 607 2505 angustum
622 2438 650 2489 et
665 2446 774 2504 magno
786 2432 888 2503 inpetu
902 2430 1007 2503 agitur,
1024 2431 1168 2503 quianon

199 2514 312 2589 patitur
332 2515 489 2588 utriusque
510 2521 615 2572 notura
636 2513 830 2571 concordiam
851 2528 907 2570 nec
923 2514 951 2569 in
967 2529 1027 2571 uno
1044 2529 1168 2572 morem.

200 2596 319 2669 lugiens
342 2613 414 2671 ergo
435 2605 464 2657 et
485 2598 564 2657 omni
585 2598 677 2655 modo
703 2596 829 2669 cupiens
854 2596 1004 2653 excedere
1031 2597 1169 2669 proxime

200 2695 343 2754 quaeque
364 2681 524 2739 demolitur
548 2696 583 2738 ac
609 2681 707 2737 iactat.
742 2679 874 2751 ideoque
900 2685 1061 2751 antequam
1088 2687 1195 2740 terrac

198 2771 366 2833 moveatur,
384 2764 460 2822 solet
471 2764 601 2835 mugitus
614 2762 710 2821 audiri
722 2762 819 2819 ventis
834 2761 860 2818 in
874 2761 975 2819 abdito
988 2763 1167 2820 tumultuan-

198 2846 311 2906 tibus.“
335 2850 405 2915 (nec
420 2844 498 2903 enim
513 2845 597 2904 aliter
613 2852 732 2918 posset,
754 2851 787 2902 ut
801 2845 841 2902 eit
855 2850 959 2901 noster
971 2842 1124 2917 Vergilius

295 2929 349 2987 sub
359 2930 483 3002 pedidus
497 2932 611 3001 mupc‘rc
624 2932 716 2988 sotum
729 2934 759 2986 et
772 2931 842 3000 iupa
854 2931 932 2987 celsa
946 2932 1063 3002 moneri,

198 3010 256 3069 nisi
271 3010 332 3069 hoc
346 3018 429 3069 esset
445 3019 601 3070 ventorum
617 3016 719 3085 opus.)
755 3010 868 3082 „Vices
883 3010 994 3069 deinde
1008 3011 1096 3070 huius
1113 3022 1195 3084 [ιιι-6

176 3108 278 3167 ‚gnae
298 3101 383 3152 sunt:
413 3093 485 3153 defit
508 3095 601 3153 calori
626 3094 820 3167 congregatio
846 3108 882 3151 ac
907 3110 1013 3152 rursus
1038 3096 1165 3168 eruptio.

196 3183 271 3235 tunc
291 3177 403 3250 lrigora
424 3184 649 3249 conpescuntur
670 3184 699 3233 et
719 3176 886 3235 succedunt
906 3190 978 3232 mox
998 3177 1096 3234 lutura
1113 3173 1168 3248 po·'

196 3259 337 3318 lentiore.
359 3260 430 3319 dum
446 3262 560 3318 alterna
574 3259 620 3317 vis
636 3264 739 3317 cursat
754 3264 782 3315 et
797 3258 874 3316 ultro
889 3258 1027 3331 citroque
1042 3258 1166 3331 spiritus

198 3348 361 3413 commeat,
384 3350 464 3401 terra
480 3342 678 3401 concutitur.“

259 3425 339 3483 XlV.
363 3424 457 3485 Sunt
477 3427 538 3499 qui
560 3424 785 3484 existiment
803 3422 944 3497 spiritu
961 3421 1114 3497 quidem
1132 3430 1194 3483 etl

197 3508 304 3567 nulla
324 3508 402 3589 alja
422 3509 572 3568 ratione
588 3513 921 3576 tremereterrem,
945 3507 1014 3565 sed
1029 3522 1075 3565 ex
1090 3504 1167 3565 eliu

197 3605 333 3664 causa,
357 3606 465 3662 quam
486 3591 692 3650 Aristoteli
715 3590 871 3664 placuit.
915 3588 991 3662 Quid
1008 3590 1060 3663 sit,
1083 3586 1171 3664 quod

198 3673 239 3733 ab
259 3672 307 3733 his
328 3672 454 3749 dicutur,
477 3675 558 3733 audi.
594 3673 711 3747 Corpus
726 3681 863 3733 nostrum
879 3680 909 3732 et
926 3672 1075 3747 sanguine
1095 3672 1165 3731 inri-
