2942 4384
325 474 387 538 162
602 475 636 535 L.
655 475 802 536 ANNAEI
822 475 998 537 SENECAE

327 634 397 704 [est]
413 628 588 691 existimare
603 637 655 690 aut
669 627 814 689 decidere
824 631 929 689 stellas
942 636 994 689 aut
1004 626 1176 690 transsilire
1188 629 1297 709 autali-

285 714 397 789 1oquid
412 713 471 773 illis
487 714 598 774 auferri
613 722 644 773 et
657 712 779 772 abradi=
801 730 870 771 narn
885 712 913 771 si
926 712 987 773 hoc
1001 713 1125 787 fuisset,
1144 721 1175 773 et
1186 714 1297 774 deluis

326 803 404 857 sent.
435 798 516 855 nulla
537 797 615 855 enirn
630 813 693 855 nox
708 803 769 867 est,
794 813 855 870 qua
867 813 928 857 non
945 796 1092 871 plurimae
1105 797 1152 856 ire
1167 804 1198 857 et
1212 796 1243 856 in
1258 796 1297 856 di·

326 896 449 940 versum
468 879 629 940 videantur
650 879 775 939 abduci=
804 879 887 953 atqui
909 896 970 953 quo
991 881 1069 939 solet
1091 890 1238 954 quaeque
1258 880 1297 938 in·

325 965 445 1023 venitur
464 964 543 1021 loco.
575 962 751 1037 magnitudo
774 978 830 1022 sua
850 961 977 1037 singulis
1000 970 1129 1044 constat.
1162 964 1298 1038 sequitur

327 1062 415 1119 ergo,
434 1051 468 1106 ut
481 1046 559 1105 inira
574 1046 640 1105 illas
656 1047 715 1105 ista
725 1053 891 1106 nascantur
903 1053 933 1105 et
944 1046 1003 1107 cito
1014 1046 1214 1119 intercidant,
1230 1046 1298 1121 quia

283 1130 391 1191 11sine
414 1130 609 1189 fundamento
630 1137 659 1189 et
681 1129 757 1189 sede
778 1135 861 1189 certa
880 1136 961 1189 sunt
994 1130 1116 1203 „Quare
1142 1145 1218 1203 ergo
1239 1144 1297 1189 nou

325 1212 415 1272 etiam
433 1212 563 1273 interdiu
580 1213 845 1273 tr·ansleruntur‘l“
872 1212 974 1286 Quid,
996 1214 1022 1272 si
1038 1213 1125 1272 dicas
1136 1214 1244 1273 stellas
1255 1212 1296 1272 in·

324 1296 424 1357 terdiu
438 1312 497 1355 non
515 1311 601 1369 esse,
617 1296 759 1371 quianon
773 1296 942 1370 adparent?
963 1296 1221 1371 quemadmodum
1232 1296 1297 1355 illae

325 1381 418 1440 latent
438 1388 467 1440 et
491 1380 566 1440 solis
592 1381 709 1454 fulgore
731 1380 962 1451 obumbrantur,
992 1379 1038 1438 sic
1063 1380 1148 1437 laces
1174 1394 1297 1454 quoque

325 1471 535 1523 transcurrunt
551 1471 581 1522 et
602 1464 747 1536 interdiu,
770 1463 827 1521 sed
841 1461 1003 1523 abscondit
1016 1463 1082 1521 illas
1097 1462 1200 1521 diurni
1215 1462 1296 1521 lurni·

325 1548 374 1605 nis
390 1546 520 1606 claritas.
550 1546 576 1604 si
593 1547 714 1619 quando
730 1553 829 1605 tamen
846 1552 929 1605 tanta
944 1546 989 1604 vis
1004 1544 1142 1618 emicuit,
1162 1551 1197 1604 ut
1211 1544 1296 1604 etiarn

326 1631 475 1689 adversus
492 1628 571 1687 diem
584 1628 740 1688 vindicare
755 1628 813 1687 sibi
827 1629 976 1703 fulgorem
989 1644 1077 1688 suum
1094 1628 1231 1702 possint,
1246 1627 1295 1687 ad·

284 1724 318 1776 12
328 1718 441 1786 parent.
476 1712 586 1771 Nostra
600 1718 680 1770 certe
695 1718 779 1771 aetas
795 1728 855 1771 non
872 1712 966 1772 semel
980 1711 1055 1771 vidit
1066 1711 1194 1771 diurnas
1207 1713 1296 1783 laces,

326 1795 401 1854 alias
422 1793 591 1853 oboriente
611 1795 641 1853 in
663 1794 853 1854 occidentem
875 1811 997 1868 versas,
1027 1795 1101 1854 alias
1123 1795 1162 1853 ab
1186 1810 1296 1855 occasu

325 1879 355 1938 in
378 1884 485 1947 ortam.
517 1884 727 1951 argumentum
749 1879 936 1952 tempestatis
954 1886 1063 1938 nautae
1084 1886 1208 1953 putant,
1232 1893 1296 1938 curn

265 1959 278 1986 ⁹
326 1964 437 2021 multae
455 1964 644 2021 transvolant
658 1956 780 2022 stellae
796 1962 879 2035 quod
895 1964 921 2021 si
935 1969 1094 2022 ventorum
1109 1963 1231 2035 signum
1244 1969 1295 2033 est,

326 2044 367 2105 ibi
383 2054 443 2117 est,
466 2046 547 2104 unde
563 2045 644 2104 venti
660 2051 744 2117 sunt,
767 2045 799 2103 id
813 2052 861 2105 est
875 2045 904 2103 in
920 2048 1006 2117 aere,
1023 2046 1074 2119 qui
1088 2045 1211 2105 medius
1223 2043 1296 2105 inter

285 2131 427 2189 ldlunam
442 2137 473 2188 et
488 2136 582 2188 terras
599 2134 654 2187 est.
689 2130 720 2188 ln
737 2144 848 2202 magna
858 2134 1037 2203 tempestate
1047 2129 1199 2202 adparere
1211 2127 1294 2203 quasi

326 2215 432 2273 stellae
455 2214 554 2272 solent
573 2214 643 2270 velo
664 2211 841 2280 insidentes.
875 2210 1012 2272 adiuvari
1033 2227 1067 2270 se
1087 2218 1160 2271 tunc
1180 2211 1293 2286 pericli-

325 2303 424 2355 tantes
448 2293 620 2354 existimant
633 2294 765 2353 Pollucis
781 2301 811 2353 et
828 2296 962 2355 Castoris
977 2296 1107 2364 numine.
1136 2310 1234 2355 causa
1247 2310 1293 2353 au-

324 2386 385 2437 tem
400 2377 534 2436 melioris
550 2376 617 2451 spei
632 2383 692 2450 est,
710 2378 793 2452 quod
808 2380 867 2437 iarn
882 2380 1008 2452 adparet
1024 2378 1120 2451 irangi
1135 2385 1292 2453 tempesta·

324 2468 384 2519 tem
400 2467 430 2519 ct
444 2460 584 2520 desinere
600 2468 723 2520 vent0s=
745 2460 882 2536 alioquin
898 2464 1046 2521 ferrentur
1056 2461 1159 2535 ignes,
1177 2478 1240 2521 non
1251 2476 1292 2519 se·

283 2543 441 2603 luderent.
482 2544 615 2621 Gylippn
631 2543 804 2621 Syracusas
826 2545 939 2619 petenti
960 2546 1025 2604 visa
1039 2552 1086 2603 est
1100 2546 1190 2604 stella
1206 2558 1293 2618 super

324 2628 424 2702 ipsam
440 2627 577 2687 lanceam
596 2627 781 2706 constitisse.
800 2627 829 2687 in
844 2629 1050 2688 Romanorum
1065 2628 1174 2688 castris
1191 2628 1293 2687 ardere

325 2712 391 2769 visa
407 2716 477 2770 sunt
491 2713 567 2786 pila,
589 2711 710 2785 ignibus
724 2712 840 2771 scilicet
854 2714 884 2771 in
899 2712 950 2771 illa
965 2713 1117 2786 delapsis,
1137 2712 1191 2785 qui
1203 2724 1293 2784 saepe

324 2809 410 2852 more
426 2795 580 2855 fulminum
598 2795 760 2867 [aninralia]
777 2794 868 2855 ferire
883 2796 983 2855 solent
996 2803 1027 2854 et
1042 2794 1174 2855 arbusta.
1200 2794 1255 2855 sed
1269 2792 1292 2851 si

325 2876 442 2934 minore
462 2877 494 2935 vi
514 2885 652 2949 utuntur,
681 2876 818 2936 delluunt
846 2884 982 2952 [tantum]
1004 2886 1034 2937 et
1059 2877 1208 2951 insident,
1235 2891 1291 2936 non

325 2958 436 3017 leniunt
456 2974 512 3017 nec
527 2962 694 3019 volnerant.
723 2959 773 3018 alii
791 2961 979 3022 internubes
994 2961 1160 3035 eliduntur,
1183 2960 1234 3020 alii
1249 2974 1292 3019 se

283 3050 414 3114 ltreno,
436 3041 463 3101 si
485 3057 538 3101 aer
560 3045 598 3102 ad
620 3043 838 3119 exprimendos
856 3046 943 3119 ignes
959 3051 1049 3120 aptus
1065 3046 1134 3104 luit=
1163 3061 1234 3104 nam
1248 3058 1292 3103 se

324 3141 398 3184 reno
420 3142 544 3200 quoque
565 3128 652 3187 coelo
673 3126 838 3200 aliquando
854 3136 939 3189 tonat
953 3145 992 3188 ex
1006 3129 1112 3188 eadem
1128 3142 1223 3187 causa
1237 3141 1294 3202 qua

324 3208 444 3283 nubilo,
469 3211 631 3271 adre‘inter
646 3227 680 3269 se
695 3212 824 3271 conliso.
854 3214 906 3286 qui
921 3212 1039 3271 etiamsi
1054 3218 1103 3271 est
1118 3212 1248 3271 lucidior
1260 3222 1293 3267 ac

324 3292 450 3366 siccior,
477 3296 558 3354 coire
578 3302 677 3355 tamen
699 3302 729 3354 et
749 3294 850 3353 lacere
871 3311 1003 3369 corpora
1021 3295 1171 3370 quaedam
1188 3292 1294 3354 similia

323 3376 456 3436 nubibus
479 3385 594 3452 potest,
624 3394 703 3452 quae
725 3392 875 3452 percussa
891 3379 1022 3438 reddant
1041 3394 1161 3438 sonum.
1198 3377 1311 3451 Quen.

324 3460 429 3534 doque
450 3474 522 3533 ergo
548 3461 623 3520 fiunt
644 3462 763 3533 trabeS,
787 3461 973 3536 quandoque
988 3462 1078 3537 clipei
1094 3468 1124 3520 et
1141 3469 1294 3521 vastorum

324 3544 472 3618 imagines
493 3543 620 3617 ignium,
646 3546 697 3604 ubi
719 3544 749 3604 in
769 3546 859 3604 talem
878 3544 1035 3605 materiam
1061 3544 1167 3605 similis
1193 3542 1296 3604 incidit

325 3642 429 3698 causa,
457 3626 512 3686 sed
527 3627 633 3686 maior.

296 3716 311 3769 l
385 3710 421 3768 ll.
441 3710 660 3771 Videamus
687 3727 801 3786 nunc,
829 3712 1142 3788 quemadmodum
1169 3710 1295 3771 fiatis
