2942 4384
408 370 460 431 ΒΕ
479 369 693 431 andaricus
714 370 788 431 LIB.
800 371 850 429 ΙΙΙ.
872 377 972 435 3-7.
1135 368 1178 433 39

258 528 300 587 V.
324 524 601 601 Quemadmodum,
623 522 665 583 mi
676 522 840 596 Liberalis,
858 522 1009 598 quaedam
1020 538 1071 582 res
1081 526 1202 584 semell

181 618 366 687 ‚perceptae
387 611 537 682 haerent,
553 608 704 683 quaedam
724 614 758 667 ut
779 606 876 679 scias,
898 623 959 666 non
976 613 1024 665 est
1039 608 1115 667 satis
1130 609 1175 668 di-

200 695 330 769 dicisse,
352 694 503 754 intercidit
522 692 601 751 enim
616 707 722 751 eorum
737 687 880 762 scientia,
900 690 957 749 nisi
974 692 1176 751 continuetur.

199 777 397 853 geometriam
412 777 481 835 dico
497 780 526 835 et
540 775 713 835 sublimium
729 790 851 834 cursum
868 781 898 833 et
912 774 939 832 si
956 790 1017 847 qua
1031 776 1090 834 alia
1104 792 1176 849 pro·

201 869 268 937 pter
282 860 479 921 subtilitatem
493 859 610 919 lubrica
624 866 709 918 sunt:
732 859 773 917 ita
787 857 937 916 beneficia
949 859 1101 932 quaedam
1112 875 1176 918 rna·

201 946 328 1021 gnitudo
344 960 405 1004 non
423 944 533 1018 patitur
548 944 706 1015 excidere,
728 942 879 1016 quaedam
895 941 1026 1016 minora,
1049 943 1105 1001 sed
1121 961 1175 1004 nu·

201 1046 284 1090 mero
308 1027 438 1103 plurima
460 1035 490 1087 et
509 1026 696 1101 temporibus
720 1026 843 1084 diversa
863 1024 1006 1099 effluunt,
1028 1026 1114 1100 quia,
1144 1034 1178 1087 ut

202 1112 281 1187 dixi,
304 1127 367 1172 non
383 1110 512 1171 subinde
525 1109 577 1169 illa
593 1116 758 1170 tractamus
770 1125 827 1168 nec
838 1107 967 1168 libenter
979 1110 1052 1183 quid
1066 1111 1177 1185 cuique

202 1196 371 1256 debeamus
384 1194 644 1268 recognoscimus.
678 1194 760 1252 Audi
775 1208 868 1251 voces
886 1194 1064 1267 petentium=
1085 1204 1204 1258 nemon

201 1296 261 1341 non
273 1279 422 1339 victuram
435 1277 596 1353 semper'in
609 1275 708 1336 animo
722 1293 779 1336 suo
791 1275 969 1335 memoriam
980 1277 1063 1335 dixit.
1085 1293 1174 1337 nenio

201 1380 262 1424 non
284 1362 422 1421 deditum
447 1376 482 1420 se
501 1367 531 1420 et
551 1362 694 1420 devotum
720 1361 882 1435 professus
905 1366 967 1432 est,
996 1366 1027 1418 et
1046 1358 1073 1418 si
1092 1362 1177 1435 quod

202 1445 286 1505 aliud
306 1445 450 1505 humilius
472 1444 598 1504 verbum
620 1460 681 1518 quo
703 1460 737 1503 se
753 1443 933 1518 obpigneret
946 1442 1069 1504 invenit.
1104 1451 1177 1519 post

201 1531 346 1604 exiguum
367 1536 487 1603 tempus
509 1527 600 1587 iidem
615 1528 658 1586 illi
674 1527 768 1587 verba
784 1528 886 1602 priora
902 1525 990 1601 quasi
1005 1527 1131 1588 sordida
1146 1535 1177 1588 et

201 1628 310 1687 parum
333 1611 428 1671 libera
442 1612 565 1671 evitant.
592 1610 774 1686 perveniunt
789 1610 901 1670 deinde
916 1627 953 1670 eo
970 1628 1045 1685 quo,
1069 1619 1102 1671 ut
1116 1628 1174 1686 ego

201 1696 360 1769 existimo,
380 1695 532 1769 pessimus
545 1695 676 1770 quisque
687 1700 780 1769 atque
791 1694 1013 1768 ingratissimus
1027 1697 1175 1769 pervenit,

200 1786 232 1839 ut
247 1779 483 1839 obliviscantur:
505 1779 584 1837 adeo
600 1778 678 1837 enim
693 1778 828 1852 ingratus
844 1784 905 1851 est,
928 1779 979 1852 qui
994 1779 1105 1840 oblitus
1118 1786 1175 1856 est,

200 1869 232 1923 ut
245 1861 384 1936 ingratus
401 1862 455 1935 sit,
479 1860 528 1922 cui
542 1861 722 1921 beneficium
741 1861 770 1919 in
787 1869 916 1920 mentem
932 1861 1021 1921 venit.

264 1947 318 2005 Vl.
347 1946 424 2005 Hoc
452 1951 524 2005 tam
549 1944 715 2006 invisum
739 1945 872 2004 vitium
892 1959 935 2002 an
957 1945 1202 2019 inpunituml

200 2044 292 2088 esse
315 2028 456 2089 debeat
477 2031 678 2103 quaeritur
701 2035 736 2088 et
763 2044 806 2086 an
829 2027 924 2086 haee
945 2027 1022 2100 lex,
1050 2028 1174 2101 quaein

200 2112 318 2172 scholis
340 2120 517 2186 exercetur,
545 2112 634 2172 etiam
662 2112 696 2169 in
721 2111 883 2171 civitate
905 2112 1083 2185 ponenda
1108 2111 1175 2183 sit,

202 2212 276 2269 qua
297 2196 441 2269 ingrati
463 2196 576 2255 datur
597 2196 716 2269 actio,
741 2211 820 2269 quae
837 2193 1175 2269 videturaequaomni·

200 2278 271 2337 bns.
293 2278 445 2352 „Quidnit
473 2294 541 2338 eum
561 2279 654 2338 urbes
670 2295 796 2353 quoque
809 2278 936 2337 urbibus
953 2295 1032 2352 qnae
1048 2278 1174 2353 praesti·

200 2369 266 2420 tere
281 2362 469 2437 exprobrent
483 2371 513 2423 et
527 2363 556 2422 in
573 2360 705 2422 nlaiores
720 2365 830 2421 collata
845 2377 863 2420 a
878 2362 1009 2436 posteris
1021 2363 1175 2437 exigant.“

200 2444 304 2504 Nostri
320 2444 468 2518 maiores,
488 2445 609 2504 maximi
625 2445 742 2505 scilicet
760 2445 830 2515 viri,
854 2445 891 2503 ab
906 2445 1047 2505 hostibus
1063 2449 1205 2505 tantuma

200 2542 253 2587 res
273 2528 477 2603 repetierunt,
497 2528 647 2588 beneficia
665 2544 775 2601 magno
795 2530 895 2586 animo
912 2527 1040 2600 dabant,
1063 2544 1174 2601 magno

203 2611 383 2683 perdebant.
419 2618 549 2687 excepta
570 2611 772 2671 Macedonum
799 2617 888 2685 genle
913 2626 974 2670 non
995 2617 1042 2668 est
1062 2612 1089 2667 in
1113 2612 1176 2668 ulla

202 2692 274 2752 data
288 2693 440 2754 adversus
455 2692 602 2769 ingratum
618 2695 713 2768 actio,
728 2710 933 2769 magnumque
944 2694 1003 2751 hoo
1015 2708 1173 2766 argumen-

202 2783 265 2836 tum
285 2784 335 2837 est
354 2777 485 2837 dandam
505 2795 567 2838 non
588 2778 699 2851 luisse,
730 2779 802 2851 quia
823 2777 973 2837 adversus
994 2778 1175 2836 maleficium

202 2873 293 2919 omne
313 2859 542 2933 consensimus,
571 2868 602 2920 et
625 2860 796 2934 homicidii,
825 2861 979 2934 veneficii,
1008 2861 1173 2936 parricidii,

201 2943 381 3002 violatarum
402 2942 583 3018 religionum
602 2944 692 3004 aliubi
712 2951 804 3017 atque
822 2944 913 3003 aliubi
931 2945 1053 3003 diversa
1072 2961 1175 3020 poena

203 3034 263 3099 est,
280 3026 338 3086 sed
350 3026 463 3101 ubique
475 3028 591 3103 aliqua:
612 3027 672 3087 hoe
684 3027 962 3102 frequentissimum
976 3029 1086 3086 crimen
1101 3044 1173 3086 nus·

147 3131 149 3174 τ
204 3124 294 3182 quam
307 3109 438 3184 punitur,
449 3111 563 3185 ubique
575 3109 763 3185 inprobatur.
778 3127 879 3186 neque
890 3109 1078 3169 absolvimus
1089 3110 1173 3181 illud,

203 3192 258 3251 sed
280 3208 351 3251 cum
372 3192 505 3253 difficilis
527 3201 610 3253 esset
629 3195 763 3254 incertae
784 3194 828 3252 rei
849 3192 1034 3264 aestimatio,
1057 3199 1174 3251 tantum

205 3274 274 3334 odio
289 3274 499 3337 damnavaus
514 3285 545 3338 et
557 3277 635 3338 inter
649 3294 686 3338 ca
700 3274 893 3351 reliquimus,
910 3290 989 3351 quae
1003 3275 1042 3335 ad
1054 3275 1173 3335 iudices

206 3357 278 3418 deos
295 3359 450 3419 mittimus.

262 3441 672 3504 VILRationesautem
689 3442 1199 3511 multacmibloccurrunt,l

208 3533 365 3599 propter
386 3543 482 3600 quas
506 3526 648 3587 crimen
669 3524 790 3587 bocio
806 3527 1172 3601 legemoadercnon

209 3606 353 3674 debeat.
385 3608 546 3674 Primum
568 3611 727 3672 omnium
748 3626 839 3687 pars
860 3609 1001 3685 optima
1021 3607 1171 3669 benefi-
