2942 4384
264 428 305 490 10
549 431 583 489 L.
604 430 750 490 ANNAEI
771 431 946 491 SENECAE

236 583 400 643 bebrietati
414 582 514 642 honor
528 590 558 643 et
574 582 733 657 plurimum
749 582 823 640 meri
838 582 960 657 cepisse
976 585 1070 643 virtus
1082 585 1146 644 erit.
1168 586 1235 645 Non

264 674 445 740 exspectant
467 681 525 724 uno
549 668 616 725 loco
640 666 723 734 vitia,
754 666 810 724 sed
831 667 954 725 mobilia
974 676 1004 727 et
1024 666 1102 726 inter
1123 670 1236 728 sedis-

264 749 394 809 sidentia
413 752 643 820 tumultuantur,
667 750 782 821 peliunt
799 748 928 807 invicem
944 751 1163 825 fuganturque:
1186 768 1235 811 ce·

263 839 358 891 terum
374 833 454 892 idem
470 848 592 905 semper
604 830 641 888 de
657 832 746 889 nobis
759 833 954 904 pronuntiare
967 832 1157 906 debebimus,
1172 850 1235 893 ma·

263 916 310 974 tos
332 931 403 974 esse
425 930 499 986 nos,
527 916 623 973 malos
645 913 756 985 inisse,
782 914 894 973 invitus
917 915 1044 973 adiciam
1065 923 1095 975 et
1115 918 1235 977 futuros

235 1008 345 1061 desse.
380 988 476 1056 Erunt
490 997 674 1067 homicidae,
698 997 833 1071 tyranni,
856 997 954 1067 iures,
973 1000 1115 1070 adulteri,
1131 1008 1235 1074 rapto-

263 1096 329 1152 res,
352 1080 508 1153 sacriiegi,
531 1078 718 1163 proditores:
741 1079 819 1137 inira
834 1078 935 1138 omnia
952 1080 1010 1139 ista
1026 1083 1162 1154 ingratus
1178 1092 1235 1155 est,

221 1179 225 1188 ·
264 1163 322 1224 nisi
339 1163 421 1236 qnod
438 1163 538 1221 omnia
552 1163 609 1222 ista
624 1162 661 1220 ab
677 1162 795 1235 ingrato
813 1163 912 1221 animo
927 1169 1011 1235 sunt,
1028 1164 1093 1223 sine
1107 1183 1169 1239 quo
1182 1166 1234 1225 vix

263 1248 357 1305 ullum
377 1262 519 1320 magnum
539 1245 657 1304 facinus
678 1246 822 1304 adcrevit.
857 1246 923 1305 Hoc
944 1255 976 1306 tu
991 1263 1065 1305 cave
1080 1255 1233 1322 tamquam

264 1329 427 1388 maximum
449 1329 577 1402 crimen,
597 1344 635 1386 ne
655 1328 810 1387 admittas:
832 1330 958 1402 ignosce
975 1330 1235 1403 tamquam'ievis-

264 1414 358 1485 sim0,
385 1413 412 1472 si
434 1413 600 1472 admissum
621 1419 677 1471 est.
710 1410 786 1471 haec
804 1419 851 1470 est
865 1411 942 1470 enim
958 1414 1084 1473 iniuriae
1100 1431 1232 1474 summa:

263 1496 443 1556 beneficium
467 1491 635 1569 perdidisti
662 1494 780 1553 salvum
801 1503 848 1554 est
867 1496 919 1555 tibi
940 1512 978 1555 ex
996 1496 1063 1570 ilio,
1089 1500 1173 1572 quod
1188 1506 1233 1558 est

235 1579 427 1652 aoptimum:
451 1579 573 1637 ded1sti.
610 1577 930 1650 Quemadmodum
956 1587 1078 1638 autem
1096 1598 1230 1641 curan·

264 1663 347 1721 dum
371 1670 443 1733 est,
468 1668 508 1720 ut
526 1662 559 1719 in
583 1676 649 1720 eos
667 1661 910 1734 potissimum
928 1664 1231 1725 benesieiacon·
1275 1705 1276 1746 3

264 1745 1230 1822 seramus,quigroteresponsurierunt,itaquae·
1275 1749 1276 1830 ,

264 1827 359 1899 dam,
382 1826 535 1886 etiamsi
558 1829 652 1886 male
675 1828 719 1885 de
741 1828 824 1887 iilis
845 1828 1086 1903 sperabitur,
1111 1833 1230 1891 sacie-
1274 1843 1276 1882 t

263 1911 670 1984 mustribuemusque,
693 1928 766 1970 non
789 1912 1230 1973 solumsiiudicabimus

263 1992 439 2067 ingratos
463 1996 560 2068 sore,
584 1994 650 2053 sed
672 1994 701 2051 si
724 1995 890 2054 sciemus
912 1995 1053 2054 inisse:
1079 2004 1231 2071 tamqnam

264 2077 290 2135 si
311 2076 391 2137 iiiios
407 2078 496 2137 alicui
510 2079 670 2137 restituere
685 2083 794 2151 potero
809 2093 920 2151 magno
938 2078 1074 2150 periculo
1088 2079 1231 2139 liberatos

264 2160 329 2219 sine
344 2163 405 2221 uilo
417 2177 500 2233 meo,
517 2178 576 2221 non
590 2158 745 2219 dubitabo.
768 2158 890 2232 dignum
902 2161 992 2219 etiam
1005 2161 1149 2235 inpendio
1162 2179 1230 2221 san-

1274 1983 1276 2008 i

263 2242 364 2317 guinis
374 2245 442 2324 ,mei
464 2244 571 2302 tuebor
591 2250 620 2301 et
641 2240 670 2299 in
695 2249 810 2316 partem
833 2242 1015 2303 discriminis
1031 2246 1166 2303 veniam:
1189 2246 1229 2304 in·
1274 2247 1276 2322 ζ

264 2323 387 2397 dignum
403 2327 429 2385 si
445 2326 563 2399 eripere
579 2325 746 2384 latronibus
762 2333 868 2398 potero
885 2327 1017 2386 clamore
1032 2329 1167 2400 sublate,
1184 2345 1230 2388 sa·

263 2407 391 2467 lutarem
406 2424 513 2467 vocem
527 2408 642 2468 homini
656 2424 718 2467 non
735 2408 850 2482 pigebit
864 2411 1007 2470 emittere.

236 2506 250 2555 1
324 2492 374 2550 Xl.
398 2490 542 2564 Sequitur
557 2500 589 2551 ut
605 2492 757 2563 dicamuS,
781 2493 1234 2564 qnaebenesiciadanda
1275 2471 1276 2486 ἵ

264 2572 343 2634 sint
364 2575 740 2648 etquemadmodum.
774 2575 1234 2638 Primumdemusneces-

263 2658 384 2730 saria,
414 2657 555 2717 deinde
574 2658 701 2731 utilia,
728 2659 867 2719 deinde
889 2660 1066 2734 iucunda,
1095 2661 1232 2735 utique

263 2757 451 2801 mansura.
487 2741 753 2816 Incipiendum
780 2751 840 2802 est
860 2752 983 2802 autem
1006 2760 1024 2801 a
1045 2760 1231 2803 necessa*

262 2824 343 2882 riis.
379 2824 464 2881 aliter
485 2825 563 2881 enim
584 2825 623 2882 ad
644 2826 775 2882 animum
797 2827 934 2900 pervenit
955 2828 1036 2899 quod
1053 2827 1142 2886 vitam
1159 2843 1230 2887 con·

262 2904 348 2976 tinet,
370 2904 456 2963 aliter
467 2906 549 2986 quod
562 2914 690 2965 exornat
701 2914 753 2966 aut
764 2907 890 2966 instruit.
916 2908 1018 2968 Potest
1030 2910 1058 2967 in
1071 2925 1107 2968 eo
1119 2910 1230 2984 aliquis

265 2987 444 3047 fastidiosus
466 3003 537 3047 esse
553 2989 741 3062 aestimator,
763 2987 824 3063 q'uo
841 2991 929 3049 facile
944 2992 1092 3051 cariturus
1107 3000 1170 3065 est,
1192 2994 1231 3052 de

263 3088 323 3144 quo
340 3071 442 3130 dicere
457 3071 540 3130 iicet=
567 3072 705 3145 „rccipe,
728 3090 788 3131 non
806 3074 958 3134 desidero.
986 3091 1054 3134 meo
1069 3083 1229 3140 contentus

262 3158 362 3213 sum.“
394 3155 510 3213 interim
528 3171 588 3214 non
604 3156 735 3215 reddere
749 3163 863 3216 tantum
879 3159 951 3217 libet
966 3160 1049 3231 quod
1064 3160 1229 3234 acceperis

233 3239 318 3299 2scd
333 3237 464 3297 abicere.
498 3237 543 3297 Ex
560 3239 606 3298 his
624 3255 702 3313 quae
717 3242 892 3299 necessaria
907 3249 990 3313 sunt,
1007 3243 1156 3315 quaedam
1171 3242 1229 3318 pri·

262 3337 342 3379 mum
360 3322 495 3382 obtinent
516 3324 629 3393 iocum,
653 3323 720 3382 sinc
734 3323 844 3397 quibus
859 3341 917 3383 non
936 3341 1100 3397 possumus
1117 3327 1229 3395 nivere,

264 3404 413 3479 quaedam
429 3405 607 3479 secundum,
623 3408 689 3465 sine
703 3406 815 3480 quibus
830 3423 890 3466 non
903 3408 1060 3475 debentne,
1079 3409 1229 3481 quaedam
1275 3477 1276 3484 ἵ

262 3488 396 3559 tertium,
421 3488 486 3546 sine
509 3488 620 3569 quibus
642 3491 791 3547 nolumus.
823 3489 922 3548 Prima
946 3490 1035 3551 huius
1055 3499 1145 3549 notae
1161 3497 1231 3551 sunt

262 3568 393 3628 hostium
410 3571 549 3630 manibus
565 3571 639 3643 eripi
656 3579 686 3630 et
699 3572 876 3647 tyrannicae
891 3572 954 3630 irae
968 3580 998 3631 et
1016 3573 1229 3647 proscriptioni

264 3658 294 3711 et
315 3653 381 3712 aliis
405 3655 562 3729 periculiS,
586 3670 665 3728 quae
686 3655 771 3714 varia
785 3661 814 3712 et
830 3654 944 3715 incerta
958 3657 1121 3717 humanam
1137 3657 1230 3717 vitam
