2942 4384
379 443 698 519 vacuationem.
721 444 842 505 Lmu.
864 452 998 508 ar-eo.
1114 443 1177 507 εει

199 598 269 673 fiet,
291 587 409 657 etiamsi
422 603 492 658 voto
503 613 563 656 non
576 594 719 671 suscipis.
741 595 767 656 si
779 613 839 657 non
852 604 899 657 est
910 598 1057 670 futurum,
1073 596 1176 657 ctiam·

199 682 228 743 si
249 696 312 742 non
334 681 510 754 susceperis
532 686 618 751 vota,
641 697 702 740 non
724 680 807 739 fiet.“
840 681 930 739 Falsa
947 687 995 739 est
1014 682 1072 740 ista
1086 681 1175 739 inter-

197 766 333 839 rogatio,
357 765 428 838 quia
448 764 528 821 illam
550 763 679 822 mediam
693 762 771 823 inter
786 763 844 823 ista
859 763 1174 838 exceptionemprae-

197 849 288 909 teris:
310 849 442 906 futurum
460 847 596 918 horest,
618 847 675 904 sed
690 847 716 905 si
733 852 804 905 volu
819 855 963 921 suscepta
978 846 1098 906 luerint.

249 930 423 991 XXXVIII.
453 930 539 1003 „Hoc
560 945 699 1004 quoque,
722 930 833 1004 inquit,
861 930 962 1005 ipsum
983 945 1114 989 necesse
1129 936 1200 990 εειι

198 1016 262 1074 lato
284 1012 530 1095 conprehensum
551 1012 603 1085 sit,
625 1020 658 1072 ut
677 1020 729 1072 aut
752 1014 904 1087 suscipias
927 1022 997 1080 vota
1015 1020 1067 1072 aut
1081 1018 1174 1073 non.‘⁴

196 1098 273 1157 Puta
293 1112 343 1155 me
363 1112 472 1155 manns
494 1096 568 1153 dare
589 1094 640 1153 tibi
662 1103 693 1154 ει
710 1096 797 1155 lateri
812 1096 870 1156 hoc
887 1113 1011 1171 quoque
1026 1097 1087 1155 lato
1104 1112 1175 1156 esse

198 1181 460 1253 conprehensum,
488 1185 521 1236 ut
542 1178 645 1251 utique
667 1179 740 1238 fient
756 1187 841 1239 vota:
865 1180 934 1239 ideo
950 1181 1032 1238 fient.
1067 1180 1205 1240 Fatuma

197 1270 260 1334 est,
283 1269 315 1321 ut
334 1263 392 1321 iste
411 1262 526 1335 peritus
542 1262 593 1333 sit,
618 1262 672 1320 sed
688 1262 713 1320 si
729 1263 831 1320 literas
847 1259 994 1321 didicerit.
1022 1262 1105 1335 atqui
1122 1279 1173 1321 co·

199 1347 270 1404 dem
286 1347 346 1405 lato
364 1345 540 1415 continetur,
563 1351 594 1403 ut
609 1344 711 1403 literas
727 1344 840 1403 discat:
860 1345 931 1403 ideo
944 1345 1105 1404 docendus
1117 1354 1173 1404 est.

195 1429 254 1488 Hic
276 1429 363 1488 dives
387 1429 457 1499 erit,
478 1429 533 1486 sed
554 1424 580 1486 si
602 1428 799 1500 navigaverit.
827 1434 856 1486 at
877 1428 906 1485 in
923 1427 973 1486 illo
990 1429 1172 1499 socordiae,

198 1527 261 1586 quo
278 1511 489 1587 patrimonium
505 1511 545 1568 illi
561 1510 677 1582 grande
690 1511 878 1584 promittitur,
894 1510 953 1569 hoc
966 1526 1090 1585 quoque
1102 1528 1172 1584 pro·

196 1596 280 1655 tinus
302 1595 436 1653 adlatum
457 1601 517 1665 est,
538 1600 570 1651 ut
591 1602 619 1653 ει
640 1595 776 1667 naviget:
799 1594 869 1653 ideo
890 1594 1053 1667 navigabit.
1089 1594 1173 1652 idem

196 1678 252 1737 tibi
273 1677 312 1737 de
332 1676 558 1749 expiationibus
579 1677 658 1736 dico.
695 1677 827 1751 Elitrgiet
849 1678 998 1751 pericula,
1021 1678 1046 1736 si
1068 1678 1171 1751 expia·

196 1761 276 1821 verit
295 1760 469 1835 praedictas
492 1759 634 1819 divinitus
654 1760 762 1819 minas.
791 1768 822 1820 at
842 1760 900 1819 boc
923 1776 1048 1835 quoque
1066 1762 1095 1818 in
1111 1763 1186 1819 lato*

196 1852 259 1916 est,
280 1849 315 1903 ut
333 1836 538 1916 expiele'ideo
561 1843 703 1916 expiabit.
746 1843 808 1903 Ista
829 1845 918 1903 nobis
934 1844 1049 1917 opponi
1065 1845 1203 1915 solent,3

195 1934 231 1987 ut
246 1927 391 2001 probetur
405 1928 446 1985 nil
460 1926 605 1985 voluntati
621 1925 744 1985 nostrae
760 1927 894 1985 relictum
908 1932 937 1983 el
948 1943 1036 1985 omne
1048 1928 1095 1986 ius
1107 1928 1173 1998 soto

196 2009 348 2070 traditum.
387 2009 458 2069 Cum
475 2010 513 2067 de
528 2009 586 2067 ista
601 2024 634 2066 re
649 2016 764 2081 agetur,
787 2010 899 2080 dicam,
916 2010 1171 2082 quemadmodum

196 2099 339 2151 manente
353 2092 414 2152 lato
427 2092 541 2165 aliquid
557 2092 635 2151 sitin
650 2092 781 2151 bominis
793 2092 932 2150 arbitrio=
955 2107 1035 2150 nunc
1048 2107 1120 2150 vero
1133 2092 1172 2150 de

197 2193 260 2251 quo
283 2175 396 2249 agitur,
420 2177 568 2252 explicui,
590 2175 760 2249 quomodo,
783 2176 809 2233 si
831 2175 881 2233 lati
904 2182 1005 2234 certus
1021 2183 1068 2233 εει
1085 2175 1172 2248 ordo,

197 2259 389 2333 expiationes
406 2260 697 2333 procurationesque
713 2258 919 2331 prodigiorum
936 2258 1070 2331 pericula
1086 2273 1172 2317 aver-

195 2346 276 2414 tant,
299 2341 371 2415 quia
388 2359 447 2401 non
465 2358 532 2400 eum
547 2343 607 2400 lato
626 2350 775 2416 pugnant,
791 2341 846 2401 scd
863 2342 931 2415 ipsa
945 2340 996 2399 lati
1008 2343 1076 2414 lege
1089 2342 1172 2400 fiunt.

196 2424 296 2503 „Quid
313 2439 400 2497 ergo,
423 2425 540 2498 inquis,
565 2441 700 2498 aruspex
714 2426 786 2483 mihi
802 2425 955 2498 prodest?
974 2425 1077 2498 ntique
1093 2425 1199 2489 enimc

197 2508 325 2582 expiare
345 2508 415 2565 mihi
437 2508 525 2566 etiam
543 2524 602 2566 non
619 2509 767 2567 suadente
782 2509 832 2565 illo
848 2522 977 2565 necesse
993 2512 1070 2567 est.“
1105 2510 1172 2568 Hoc

197 2591 343 2665 prodest,
362 2590 433 2664 quia
449 2591 498 2649 lati
514 2589 650 2650 minister
663 2597 720 2649 εει.
757 2590 808 2649 Sic
830 2605 898 2648 cum
921 2590 1036 2648 sanitas
1060 2592 1171 2650 debea-

147 2663 172 2714 ἶ
196 2682 246 2733 tur
267 2674 342 2745 lato,
365 2672 492 2733 debetur
507 2682 536 2733 ει
557 2675 689 2746 medico,
709 2674 781 2747 quia
795 2674 834 2731 ad
849 2687 906 2731 nos
921 2672 1102 2732 benelicium
1119 2674 1171 2732 lali

196 2772 254 2832 per
268 2756 359 2815 huius
374 2773 482 2816 manus
499 2756 589 2815 venit.
982 2793 985 2799 «

259 2838 391 2898 XXXIX.
421 2840 567 2899 Genera
594 2842 787 2913 fulgurum
812 2840 887 2899 tria
905 2855 976 2899 εεεε
992 2841 1032 2900 ait
1047 2840 1195 2905 ducein-1
1277 2847 1280 2851 “

196 2937 251 2995 na,
274 2921 559 2994 consiliarium,
587 2924 838 2984 auctoritatis
867 2933 903 2983 ει
923 2926 1022 2999 quod
1045 2932 1171 2984 status

197 3004 350 3065 dicitur.
388 3005 597 3078 Conslllarium
621 3015 689 3067 ante
707 3023 772 3066 rem
787 3009 834 3081 nt,
858 3009 912 3067 sed
930 3016 1000 3081 post
1015 3010 1170 3081 cogitatio-

197 3105 284 3160 nem,
304 3104 370 3147 cum
387 3090 501 3163 aliquid
517 3090 546 3147 in
562 3091 662 3149 animo
678 3090 872 3151 versantibus
888 3099 940 3149 aut
954 3094 1099 3151 suadetur
1115 3093 1169 3151 lul·

195 3170 288 3231 minis
304 3172 364 3243 ictu
377 3179 428 3232 aut
442 3174 646 3251 dissuadetur.
671 3174 855 3233 auctoritatis
871 3180 933 3243 est,
954 3175 1006 3231 ubi
1022 3181 1093 3246 post
1107 3190 1171 3232 rem
1264 3230 1269 3240 ,

195 3256 307 3315 factam
322 3257 418 3328 venit,
441 3272 531 3330 quam
546 3257 627 3316 bono
644 3257 772 3314 suturam
790 3255 908 3313 malove
922 3256 1081 3327 significet.
1111 3263 1199 3316 sta-2

194 3346 246 3398 tus
263 3343 324 3409 est,
347 3339 397 3398 ubi
412 3341 505 3399 rebus
522 3340 631 3414 quietis
646 3354 703 3396 nec
719 3337 878 3411 agentibus
894 3353 952 3396 nec
968 3337 1169 3411 cogitantibus

195 3421 362 3495 quicquam
385 3422 496 3481 fulmen
520 3423 643 3496 quidem
668 3422 828 3481 intervenit
847 3428 877 3480 et
898 3428 949 3481 aut
969 3423 1099 3481 minatur
1119 3428 1171 3482 aut

193 3504 343 3579 promittit
356 3512 408 3565 aut
421 3513 532 3565 monet.
558 3506 617 3565 hoc
643 3504 889 3564 monitorium
913 3511 1013 3565 vocat.
1040 3505 1095 3564 sed
1117 3521 1169 3565 ne·

194 3588 278 3659 scio,
302 3604 397 3660 quare
418 3606 478 3649 non
499 3590 580 3648 idem
596 3588 634 3648 sit
651 3590 734 3660 quod
751 3586 966 3648 consiliarium.
988 3604 1058 3646 nam
1073 3595 1102 3648 et
1118 3589 1169 3663 qui

195 3677 315 3748 monet,
340 3672 500 3733 consilium
520 3672 581 3732 dat.
611 3672 668 3731 sed
687 3671 779 3732 habet
797 3672 930 3747 aliquam
946 3670 1199 3735 distinetionem3
