2942 4384
611 662 646 742 n.
670 656 810 743 amur
836 656 1006 767 annau

660 812 713 861 ΑΙ)
743 808 959 861 LUCILIUM

323 928 765 1028 tardaturum
809 925 1294 1035 llUllllSl'lllNUll

672 1117 674 1121 ·
702 1098 837 1161 mann
862 1063 925 1160 vis

297 1414 311 1464 1
384 1399 406 1456 Ι.
433 1398 610 1472 Pompeios,
634 1396 784 1456 celebrem
806 1396 989 1470 Campaniae
1009 1398 1131 1469 urbem,
1154 1396 1185 1457 in
1204 1414 1293 1472 quam

324 1482 362 1540 ab
376 1484 468 1540 altera
481 1490 565 1555 parte
578 1480 786 1539 Surrentinum
799 1480 1037 1554 Stabianumque
1049 1481 1134 1551 lituS,
1151 1482 1190 1540 ab
1201 1484 1294 1540 altera

323 1564 551 1623 Herculanense
577 1563 760 1623 conveniunt
783 1570 812 1621 ct
836 1578 919 1621 mare
944 1578 983 1621 ex
1007 1571 1112 1636 aperto
1136 1566 1294 1623 reductum

325 1663 453 1706 amoeno
474 1646 544 1704 sinu
566 1647 707 1718 cingunt,
740 1646 921 1704 consedisse
945 1654 1044 1704 terrae
1068 1653 1153 1705 motu
1177 1648 1294 1706 vexatis

325 1744 536 1801 quaecumque
551 1728 730 1786 adiacebant
747 1728 936 1802 regionibus
957 1728 1052 1787 Lucili
1069 1730 1202 1798 virorum
1219 1730 1293 1803 opti·

323 1825 386 1884 me,
409 1811 594 1882 audivimus,
619 1819 649 1870 et
664 1812 786 1885 quidem
801 1811 934 1869 hibernis
950 1812 1073 1884 diebus,
1090 1828 1169 1885 quos
1185 1828 1295 1871 vacare

296 1900 342 1953 la
357 1894 408 1953 tali
423 1896 558 1969 periculo
574 1896 704 1953 maiores
720 1896 815 1953 nostri
830 1894 969 1952 solebant
985 1895 1167 1967 promittere.
1199 1896 1295 1955 Nonis

324 1977 494 2037 Februariis
515 1979 564 2037 hic
580 1979 634 2036 init
649 1986 749 2037 motus
764 1979 881 2049 Regulo
898 1984 927 2037 et
941 1976 1085 2050 Verginio
1102 1977 1293 2049 Consulibus,

325 2062 376 2136 qui
389 2062 580 2135 Campaniam
593 2078 756 2134 numquam
769 2076 906 2120 securam
918 2060 1008 2119 buius
1021 2062 1104 2131 mali,
1122 2061 1294 2119 indemnem

323 2152 422 2209 tamen
439 2153 468 2203 et
484 2145 591 2204 totiens
608 2145 779 2203 defunctam
796 2152 891 2215 metu,
912 2159 1022 2216 taragna
1036 2150 1137 2215 strage
1150 2145 1294 2203 vastavit:

325 2245 393 2285 nam
416 2234 445 2286 et
466 2228 701 2286 Herculanensis
727 2227 833 2301 oppidi
859 2243 931 2300 pars
955 2227 1014 2285 ruit
1038 2227 1192 2301 dubieque
1218 2234 1295 2286 stant

324 2311 413 2369 etiam
430 2326 509 2384 quae
523 2310 629 2368 relicta
643 2316 727 2383 sunt,
749 2318 779 2368 et
797 2310 1015 2369 Nucerinorum
1037 2312 1157 2369 colonia
1178 2319 1213 2370 ut
1230 2310 1294 2369 sine

324 2394 425 2464 clade,
446 2394 486 2452 ita
505 2408 566 2451 non
583 2394 649 2452 sine
667 2395 790 2467 querela
804 2400 868 2454 est.¹
893 2393 1036 2466 Neapolis
1047 2393 1174 2468 ‘quidem
1198 2393 1294 2468 priva·

323 2478 376 2535 tim
395 2479 499 2549 multa,
523 2475 644 2550 publice
668 2476 739 2534 nibil
761 2477 860 2534 amisit
879 2476 985 2534 leniter
1002 2476 1114 2549 ingenti
1130 2479 1211 2536 malo
1228 2493 1291 2551 per·

323 2559 435 2618 stricta.
468 2561 557 2619 villae
577 2575 650 2618 vero
677 2566 859 2634 praeruptae
884 2559 999 2633 passim
1020 2559 1086 2617 sine
1106 2559 1218 2618 iniuria
1238 2567 1293 2619 tre-

293 2651 434 2704 3n1uere.
469 2641 650 2703 Adiciuntur
671 2644 719 2702 his
740 2642 805 2700 illa:
828 2650 1038 2701 sexcentarum
1054 2640 1155 2701 ovium
1171 2658 1293 2717 gregem

323 2728 527 2785 exanimatum
546 2733 576 2784 et
596 2726 712 2786 divisas
737 2732 866 2795 statuaS,
894 2734 993 2784 motae
1014 2733 1085 2799 post
1106 2726 1166 2785 hoe
1188 2726 1293 2785 mentis

323 2810 443 2882 aliquos
463 2817 555 2883 atque
575 2809 748 2883 inpotentes
770 2807 818 2867 sui
839 2824 969 2868 errasse.
992 2825 1121 2882 quorum
1137 2817 1170 2869 ut
1184 2824 1293 2869 causas

324 2892 527 2961 excutiamus,
557 2897 586 2948 et
607 2892 755 2974 propositi
778 2892 881 2965 operis
897 2899 1058 2952 contextus
1073 2892 1167 2965 exigit
1183 2892 1294 2966 etipse

294 2974 351 3032 tin
376 2973 436 3034 lroc
461 2980 581 3046 ternpus
608 2990 781 3048 congruens
807 2990 909 3034 casus
953 2975 1179 3047 Quaerenda
1208 2983 1295 3034 sunt

322 3057 492 3130 trepidis
525 3057 668 3116 solatia
698 3064 734 3117 ct
766 3058 974 3117 demendas
1006 3059 1141 3132 ingens
1173 3059 1293 3118 timor.

323 3140 396 3214 quid
412 3140 490 3198 enim
506 3141 647 3214 cuiquam
665 3142 739 3200 satis
756 3146 848 3200 tutum
865 3142 961 3200 videri
982 3149 1098 3215 potest,
1122 3142 1295 3201 simundus

322 3224 390 3298 ipse
403 3224 572 3283 concutitur
584 3225 615 3283 et
625 3232 726 3298 partes
738 3224 804 3282 eins
817 3224 1020 3284 solidissimae
1032 3225 1154 3283 labant?
1176 3225 1295 3298 siquod

322 3323 416 3365 unum
435 3307 579 3365 inmobile
601 3315 649 3366 est
669 3307 698 3366 in
720 3306 772 3365 illo
791 3307 959 3380 fixumque,
982 3315 1015 3367 ut
1030 3316 1139 3366 cuncta
1155 3308 1185 3366 in
1201 3325 1237 3366 se
1253 3309 1294 3365 in·

321 3397 403 3448 tenta
424 3388 587 3462 sustineat,
610 3390 750 3460 fluctuat,
771 3390 898 3464 siquod
920 3391 1076 3463 proprium
1096 3389 1188 3451 habet
1206 3397 1295 3460 terra,

323 3472 468 3547 perdidit,
490 3481 584 3531 stare:
606 3471 658 3531 nbi
674 3473 794 3531 tandem
811 3473 948 3533 resident
963 3481 1060 3533 metus
1076 3474 1193 3537 nostrie
1213 3474 1295 3547 qnod

323 3571 454 3629 corpora
473 3548 698 3629 receptaculum
720 3556 898 3616 invenienti
928 3573 989 3628 quo
1010 3557 1169 3617 titubantia
1190 3559 1294 3617 conlu-

294 3638 416 3713 aptent,
433 3638 460 3697 si
475 3640 512 3698 ab
528 3640 587 3698 imo
603 3642 701 3699 metus
713 3639 848 3700 nascitur
859 3646 888 3698 et
900 3640 1034 3699 funditus
1047 3639 1197 3699 trahitur?
1219 3640 1295 3699 Con
