2942 4384
399 411 405 482 j
426 462 477 523 DE
497 462 710 523 BENEFICIIS
731 463 804 523 LIB.
816 464 866 523 ΙΙΙ.
891 472 1024 526 tto-33.
1170 463 1212 527 55

235 619 266 672 et
285 612 448 687 inperitum
470 612 598 685 dedisti,
631 628 688 687 ego
716 612 769 672 tibi
795 613 903 687 filiurn,
927 614 1049 688 qualem
1066 616 1212 689 genuisse

235 696 401 769 gauderes.
677 721 682 730 ·

299 778 419 839 XXXll.
441 778 525 838 Aluit
537 794 586 836 me
601 785 694 853 pater.
729 778 761 838 Si
773 780 853 838 idern
868 787 1005 853 praesto,
1023 783 1092 855 plus
1104 781 1211 853 reddo,
1229 788 1244 839 1

237 862 385 936 quianon
404 868 517 921 tantum
534 862 637 933 alise,
661 862 716 921 sed
734 863 828 921 afilia
844 865 882 921 ali
898 865 1010 936 gaudet
1024 874 1053 923 ct
1068 864 1213 923 maiorem

238 960 277 1020 ex
293 945 395 1003 animo
411 960 479 1004 meo
496 961 586 1019 quam
598 960 637 1003 ex
649 947 761 1019 ipsare
775 946 903 1019 percipit
913 948 1108 1020 voluptatem.
1131 946 1212 1006 illius

238 1026 381 1086 alimenta
404 1028 442 1086 ad
460 1044 574 1101 corpus
591 1036 705 1087 tanturn
724 1044 823 1087 meum
842 1037 1056 1103 pervenerunt.
1095 1029 1173 1102 Quid
1186 1030 1243 1089 sit

237 1111 307 1184 quis
328 1110 359 1169 in
382 1117 497 1169 tantum
519 1113 685 1185 processit,
712 1118 746 1170 ut
766 1119 818 1170 aut
838 1114 1011 1186 eloquentia
1033 1130 1088 1187 per
1104 1120 1211 1186 gentes

237 1191 414 1253 notesceret
434 1200 485 1253 aut
504 1193 618 1253 iustitia
637 1202 689 1253 aut
707 1192 825 1254 bellicis
841 1194 934 1254 rebus
950 1205 979 1255 et
994 1195 1071 1270 patri
1088 1212 1212 1270 quoqne

236 1276 390 1350 ingentem
415 1276 670 1336 circumfunderet
697 1278 807 1335 lamam
837 1278 1040 1352 tenebrasque
1068 1279 1212 1338 natalium

236 1375 364 1419 suorum
380 1362 463 1418 clara
476 1362 543 1418 luce
555 1360 733 1419 discuteret:
756 1377 817 1421 non
829 1361 1048 1419 inaestimabile
1060 1364 1089 1419 in
1102 1376 1210 1434 paren-

236 1450 283 1502 tes
306 1458 382 1501 suos
405 1442 585 1502 beneficium
607 1444 758 1503 contulit?
791 1446 839 1503 An
857 1444 1019 1518 quisquam
1035 1443 1243 1502 Aristonemd

236 1531 267 1584 et
288 1525 426 1601 Gryllum
449 1526 507 1585 nisi
524 1532 648 1600 propter
660 1526 894 1599 Xenophontem
910 1544 946 1586 ac
960 1527 1114 1586 Platonem
1130 1527 1210 1585 filios

236 1616 368 1668 nossett
397 1606 641 1682 Sophroniscum
662 1609 806 1669 Socrates
828 1611 986 1683 exspirare
1007 1626 1067 1669 non
1089 1610 1210 1684 patitur.

236 1698 358 1749 ceteros
386 1706 563 1751 enumerare
586 1694 709 1766 longum
730 1700 792 1764 est,
823 1693 874 1768 qui
901 1695 1009 1753 durant
1035 1694 1074 1751 ob
1098 1694 1210 1751 nullam

236 1773 326 1832 aliam
348 1788 489 1845 eausam,
513 1790 604 1849 quarn
625 1777 709 1849 quod
726 1776 796 1835 illos
811 1777 974 1837 liberorum
990 1778 1099 1836 eximia
1113 1775 1210 1835 virtus

235 1855 361 1915 tradidit
374 1858 515 1931 posteris
537 1859 643 1917 Utrum
656 1858 753 1917 maius
764 1860 944 1918 beneficium
959 1859 1042 1920 dedit
1052 1861 1091 1919 llll.
1100 1860 1210 1932 Agrip·
1224 1868 1242 1915 4

234 1954 296 2013 pae
315 1947 403 2012 pater
417 1955 455 1997 ne
470 1949 541 2014 post
555 1942 722 2015 Agrippam
741 1943 862 2015 quidem
878 1949 984 2013 notus,
1007 1960 1044 2001 an
1062 1944 1138 2017 patri
1157 1943 1209 2001 de-

235 2022 280 2080 dit
300 2024 441 2097 Agrippa
461 2024 561 2081 navali
577 2040 690 2083 corona
705 2024 834 2097 insignis
850 2026 972 2084 unicum
987 2026 1117 2099 adeptus
1134 2026 1211 2083 inter

235 2105 318 2164 dona
332 2106 471 2165 militaria
485 2107 602 2166 decus?
622 2108 672 2181 qui
688 2116 731 2167 tot
746 2110 776 2165 in
789 2108 864 2167 urbe
876 2109 1008 2166 maxima
1021 2123 1116 2181 opera
1128 2106 1223 2165 cxci-⁴

233 2188 325 2262 tevit,
348 2204 428 2263 quae
448 2196 477 2248 et
498 2190 629 2264 priorem
645 2191 897 2265 magnificentiam
914 2193 1070 2250 vincerent
1083 2196 1113 2248 et
1128 2191 1211 2248 nulla

236 2278 347 2345 postca
360 2273 579 2332 vincerentur?
612 2275 716 2333 Utrum
734 2274 878 2334 Octavius
894 2276 992 2335 maius
1007 2276 1100 2333 ullum
1118 2274 1208 2332 bene-
1225 2282 1242 2333 5

235 2354 339 2414 ficium
355 2356 439 2414 dedit
453 2356 516 2421 tilio
531 2372 568 2415 an
584 2356 663 2430 patri
678 2358 767 2417 divus
780 2359 952 2431 Augustus
973 2358 1111 2432 quamvis
1127 2358 1210 2416 illum

235 2437 342 2497 umbra
365 2438 502 2513 adoptivi
524 2440 617 2514 patris
636 2441 817 2499 abscondit?
848 2449 990 2515 quantam
1007 2442 1142 2515 cepisset
1158 2456 1210 2499 vo-

236 2521 400 2595 luptatem,
423 2523 449 2581 si
463 2521 545 2581 illum
562 2531 633 2596 post
647 2524 797 2583 debellata
812 2541 894 2583 arma
910 2525 1011 2584 civilia
1022 2526 1151 2583 vidisset
1162 2539 1210 2582 se-

236 2618 329 2663 curae
350 2605 420 2684 paci
441 2606 666 2679 praesidentem
687 2624 749 2665 non
771 2608 966 2680 adgnoscens
987 2608 1099 2667 bonum
1121 2621 1210 2663 suum
1306 2663 1310 2670 ,

236 2702 293 2746 nec
314 2688 388 2746 satis
411 2688 556 2762 credenS,
580 2691 721 2763 quotiens
739 2690 929 2763 respexisset
944 2689 984 2748 ad
999 2704 1048 2760 se,
1070 2687 1211 2760 potuisse

236 2769 319 2829 illurn
341 2769 437 2829 virum
454 2771 482 2829 in
501 2773 592 2832 domo
606 2788 664 2832 sua
678 2773 786 2832 nascit
820 2772 896 2846 Quid
913 2788 992 2831 nunc
1007 2778 1126 2831 ceteros
1142 2785 1210 2844 per-

237 2868 367 2927 sequar,
391 2870 470 2926 quos
487 2855 545 2914 iam
564 2857 809 2929 consumpsisset
823 2856 950 2929 oblivio,
974 2855 1032 2915 nisi
1048 2856 1116 2915 illas
1133 2854 1210 2913 filio-

234 2951 301 2993 rum
324 2936 422 3009 gloria
437 2953 454 2995 e
468 2938 601 2998 tenebris
616 2940 747 2999 eruisset
761 2946 791 2998 et
806 2940 906 2999 adhuc
921 2940 949 2998 in
965 2941 1033 2998 luce
1047 2940 1211 2998 retineret?

236 3018 354 3077 Deinde
369 3035 438 3078 curn
454 3037 636 3094 quaeramus
651 3039 711 3081 non
728 3024 798 3097 quis
810 3024 890 3081 lilius
902 3023 979 3097 patri
991 3022 1107 3081 maiora
1118 3023 1209 3081 bene·
1223 3032 1241 3085 6

235 3100 305 3160 ficia
326 3102 495 3163 reddiderit
516 3120 607 3177 quam
626 3121 644 3163 a
665 3114 751 3179 patre
775 3113 950 3179 acceperat,
978 3107 1034 3163 sed
1056 3121 1093 3163 an
1112 3105 1211 3178 possit

236 3182 346 3257 aliquis
362 3187 477 3244 maiora
491 3188 637 3246 reddere=
660 3190 777 3247 etiamsi
790 3205 870 3262 quae
881 3188 970 3246 retuli
981 3187 1122 3259 exempla
1134 3202 1209 3244 non-

236 3266 308 3325 dum
327 3268 518 3329 satisfaciunt
537 3286 594 3330 nec
614 3272 764 3330 beneficia
785 3279 942 3345 parentum
961 3285 1085 3328 suorum
1101 3284 1209 3341 super-

235 3351 364 3422 iaciunt,
380 3353 462 3425 capit
475 3359 575 3412 tamen
593 3355 651 3414 hoc
667 3362 788 3426 natura,
805 3354 888 3426 quod
903 3353 1038 3412 nondum
1054 3353 1113 3409 alla
1125 3359 1209 3410 aetas

236 3434 310 3492 tulit.
353 3434 386 3493 Si
414 3436 532 3509 singula
559 3446 753 3511 paternorum
779 3436 952 3496 meritorum
973 3434 1210 3509 magnitudinem
1279 3474 1281 3480 -

236 3530 425 3590 exsuperare
439 3535 500 3577 non
515 3528 661 3594 possunt,
685 3521 773 3595 plura
795 3520 825 3581 in
846 3538 938 3580 unum
955 3526 1102 3592 congesta
1118 3532 1209 3591 supe-

236 3600 354 3659 rabant.

297 3684 430 3746 XXXIII.
459 3684 601 3747 Servavit
622 3685 653 3746 in
672 3684 792 3763 proelio
814 3694 931 3762 patrem
954 3684 1057 3761 Scipio
1074 3693 1104 3748 et
1121 3693 1242 3762 prae-1
