2942 4384
494 665 529 746 l.
560 662 699 746 llllll
723 659 894 745 sillem
932 671 940 684 ’

435 829 485 880 ΑΙ)
508 829 709 881 AEBUTIUM
733 830 961 880 LIBERALEM

277 962 379 1057 nx
445 918 1112 1059 ⁴nxrtrrrorrs

606 1144 740 1207 LIBER
766 1146 788 1207 l.

275 1400 296 1458 Ι.
316 1400 398 1460 Inter
412 1400 523 1458 multos
544 1414 579 1457 ae
599 1397 702 1459 varios
724 1412 845 1457 errores
864 1405 977 1457 temere
997 1398 1212 1464 inconsulte-1

218 1492 275 1553 ¹que
289 1481 454 1542 viventium
468 1482 541 1540 nihil
555 1484 778 1556 propemodum
794 1483 983 1555 [indigniust
1009 1482 1054 1540 vir
1069 1484 1181 1556 optime

232 1556 373 1637 Liberalis,
397 1566 540 1636 dixerim,
563 1565 674 1640 [quam]
694 1565 777 1640 quod
793 1564 989 1623 benelieia
1006 1581 1075 1624 nee
1090 1567 1182 1624 dare

233 1648 352 1707 selinus
368 1663 437 1707 nee
453 1648 643 1722 accipere.
680 1649 819 1723 sequitur
834 1648 928 1718 enim,
952 1655 984 1707 ut
995 1650 1072 1707 male
1088 1650 1181 1709 collo-

233 1737 282 1788 eata
294 1734 372 1789 male
387 1731 562 1789 debeantur.
600 1730 767 1805 dequibus
787 1748 848 1790 non
869 1730 996 1789 redditis
1018 1748 1089 1791 sero
1106 1748 1182 1806 que-

232 1808 319 1873 rimur:
335 1815 394 1873 ista
410 1813 487 1872 enim
503 1814 668 1887 perierunt,
690 1830 758 1873 oum
774 1806 928 1872 darentur
961 1815 1035 1874 Nee
1049 1816 1213 1877 mirumr

233 1903 275 1955 est
299 1897 404 1976 inter
435 1896 599 1969 plurima
634 1899 877 1970 maximaque
910 1896 1003 1956 vitia
1036 1899 1181 1957 nullum

233 1987 303 2037 esse
324 1978 573 2053 frequentius
596 1996 706 2052 quarn
728 1980 874 2052 ingrati
898 1979 1019 2037 animi.
1049 1981 1085 2039 id
1101 1996 1182 2038 eve-

234 2059 298 2119 nire
318 2077 363 2120 ex
387 2062 522 2120 causis
552 2062 731 2135 pluribus
762 2062 892 2119 video:
915 2062 1020 2134 prima
1048 2064 1099 2121 illa
1126 2070 1182 2135 est,

233 2144 298 2212 quod
309 2162 370 2204 non
386 2144 523 2218 eligimus
535 2144 654 2218 dignos,
668 2146 778 2218 quibus
790 2143 967 2204 tribuamus
987 2144 1049 2203 Sed
1061 2145 1184 2205 nomina

234 2221 321 2287 lecturi
336 2228 495 2300 diligenter
510 2228 724 2301 patrimonium
739 2234 769 2286 et
785 2228 874 2286 vitam
893 2227 1039 2288 debitoris
1060 2229 1183 2303 inquiri-

233 2319 291 2368 mus.
325 2312 442 2369 semina
456 2311 485 2369 in
502 2312 600 2370 solum
614 2310 737 2370 effetum
753 2319 783 2371 et
798 2312 898 2371 sterile
916 2328 976 2370 non
993 2314 1183 2385 spargimus=

233 2384 363 2452 beneficia
378 2396 445 2452 sine
459 2396 521 2453 ullo
536 2395 656 2453 deleetu
670 2394 767 2467 magis
782 2394 948 2468 proicimus
961 2412 1053 2469 quam
1065 2396 1183 2454 damus

233 2468 278 2533 Nee
292 2478 380 2535 laoile
395 2476 536 2548 dixerim,
552 2484 652 2536 utrum
667 2478 785 2551 turpius
801 2478 840 2535 sit
856 2478 976 2535 infitiari
992 2495 1030 2536 an
1045 2485 1184 2551 repetere
1199 2490 1217 2543 3

233 2551 406 2618 heneficium.
434 2560 465 2617 id
483 2560 561 2618 enlm
576 2576 674 2633 genus
689 2561 780 2620 huius
792 2561 897 2619 crediti
912 2567 973 2631 est,
990 2577 1028 2618 ex
1045 2577 1104 2634 quo
1120 2566 1191 2624 tan-‚

233 2642 278 2698 lum
291 2642 499 2715 recipiendum
514 2642 554 2701 sit
572 2652 716 2717 quantum
738 2644 817 2701 ultro
841 2643 986 2699 refertur:
1012 2642 1186 2714 decoquere

233 2734 289 2783 vero
306 2723 516 2785 foedissimum
532 2726 571 2785 ob
586 2726 644 2786 hoe
665 2725 782 2799 ipsum,
806 2724 957 2798 quianon
977 2740 1055 2799 opus
1077 2731 1125 2783 est
1145 2725 1186 2783 ad

233 2799 405 2866 liberandam
427 2805 517 2867 fidem
536 2808 744 2882 laeultatibuS‚
765 2808 821 2866 sed
837 2806 946 2868 animo.
984 2808 1083 2867 reddit
1105 2806 1185 2867 enim

232 2882 397 2956 beneficium
413 2892 465 2965 qui
480 2892 608 2952 libenter
623 2893 722 2952 debet.
764 2890 826 2950 Sed
841 2907 909 2949 oum
926 2889 965 2951 sit
984 2891 1014 2950 in
1036 2891 1112 2964 ipsis
1129 2892 1218 2956 ori-4

233 2982 294 3046 nen,
309 2974 362 3048 qui
374 2990 412 3032 ne
428 2975 623 3034 consessione
639 2975 763 3049 quidem
774 2974 850 3047 grati
866 2981 944 3047 sunt,
963 2973 993 3033 in
1007 2975 1095 3032 nobis
1110 2992 1185 3048 quo·

232 3068 278 3123 tue
289 3063 344 3115 est.
367 3057 478 3117 Multos
490 3059 664 3131 experimur
675 3056 825 3131 ingratos,
840 3059 944 3131 plures
960 3056 1097 3129 iacimus,
1115 3057 1188 3132 quia

232 3138 291 3197 alias
313 3156 424 3213 graves
447 3140 685 3215 exprobratores
715 3140 1082 3214 exactoresque'sumus‚
1110 3140 1186 3197 alias

231 3216 300 3281 leves
322 3229 352 3280 et
374 3240 453 3297 quos
475 3226 565 3297 paulo
590 3230 660 3297 post
681 3225 815 3282 muneris
844 3225 891 3281 sui
912 3222 1081 3296 poeniteat,
1111 3221 1186 3280 alias

232 3306 335 3372 queruli
351 3312 380 3364 et
397 3306 520 3365 minima
536 3315 687 3366 momenta
699 3307 916 3365 calumniantes
929 3305 1054 3378 gratiam
1068 3319 1186 3362 ornnem

231 3389 454 3463 eorrurrtpimuS‚
475 3406 536 3449 non
560 3397 674 3449 tantum
692 3397 852 3464 postquam
873 3389 1013 3447 dedimus
1027 3387 1186 3457 beneficia,

231 3471 272 3528 sed
288 3473 358 3530 dum
374 3473 492 3531 damus.
530 3472 603 3545 Quis
618 3480 755 3531 nostrum
771 3479 932 3531 contentus
947 3472 1002 3529 luit
1016 3476 1067 3528 aut
1082 3469 1188 3528 leviter
1203 3480 1219 3532 6

230 3556 316 3625 rogari
332 3563 383 3614 aut
403 3557 518 3614 semel?
546 3557 615 3630 quis
632 3571 708 3628 non,
730 3571 799 3613 oum
823 3554 937 3629 aliquid
960 3570 978 3611 a
1000 3568 1034 3611 se
1054 3553 1115 3625 peti
1135 3568 1185 3611 su-

230 3636 352 3707 spicatus
369 3646 430 3710 est,
459 3633 587 3699 frontem
612 3637 752 3714 adduxit,
774 3638 889 3699 voltum
909 3636 1030 3710 avertit,
1055 3651 1184 3711 oocupa-

261 3740 357 3780 smaca
371 3742 440 3782 nuru.
460 3727 492 3781 ll.
967 3729 987 3783 l
