2942 4384
310 462 374 535 284
599 473 632 533 u.
644 472 800 533 nuttam
821 472 994 533 saltuum

312 634 370 686 tam
396 622 563 699 Inquietum
589 641 680 701 quam
704 640 771 698 aer,
799 631 860 685 tam
884 622 1036 683 versabile
1061 632 1091 684 et
1119 625 1283 699 agitatione

309 709 470 783 gaudens?

281 795 296 846 1
370 792 463 850 XVII.
494 790 638 866 Sequitur
659 806 747 865 ergo,
770 797 804 851 ut
824 796 959 850 naturam
982 806 1069 849 suam
1089 798 1232 850 exerceat
1253 798 1282 850 et

310 873 395 949 quod
415 889 537 949 semper
556 876 671 933 moveri
687 876 763 946 vult,
785 873 949 948 aliquando
965 882 995 933 et
1009 874 1067 932 alia
1081 883 1211 934 moveat.
1247 875 1281 933 Id

311 958 433 1032 quando
445 957 498 1016 fita
516 957 639 1031 quando
652 957 693 1015 illi
706 972 814 1017 aursus
826 956 1002 1015 interdictus
1015 963 1071 1015 est.
1093 973 1163 1015 nam
1177 972 1280 1030 quam·

310 1040 362 1099 diu
378 1056 439 1097 non
456 1039 617 1113 inpeditur,
638 1039 660 1098 it
678 1040 805 1114 placide.
829 1056 896 1098 cum
914 1038 1077 1098 offenditur
1087 1046 1117 1098 et
1127 1040 1280 1113 retinetur,

309 1123 421 1181 insanit
435 1129 464 1181 et
478 1138 579 1182 moras
594 1138 667 1181 suas
685 1122 847 1197 abrumpit,
870 1138 930 1181 non
946 1122 1031 1181 aliter
1046 1138 1137 1197 quam
1151 1123 1201 1182 ille

568 1212 686 1281 pontem
700 1207 871 1277 t'ndtpnatas
885 1205 1012 1264 Araxes.

281 1287 457 1363 Iquamdiu
479 1287 518 1348 illi
542 1289 638 1348 facilis
660 1295 690 1346 et
711 1286 786 1345 liber
806 1295 853 1346 est
866 1288 987 1357 alveus,
1012 1288 1124 1360 prImas
1139 1304 1281 1362 quasque

310 1388 408 1445 aquas
423 1373 568 1446 explieat:
590 1371 640 1431 ubi
657 1386 733 1430 saxa
747 1387 837 1429 manu
851 1373 898 1429 vel
914 1387 987 1429 casu
1001 1371 1091 1430 iulata
1102 1386 1282 1445 repressere

310 1456 496 1527 venientem,
524 1463 594 1514 tuno
615 1456 749 1527 Iapetum
770 1470 854 1513 mora
870 1453 987 1527 quaerit
1004 1462 1033 1513 et
1048 1471 1108 1528 quo
1123 1456 1211 1527 plura
1227 1469 1280 1527 op·

310 1539 411 1612 posita
434 1545 517 1611 sunt,
547 1540 616 1612 plus
638 1538 752 1595 invenit
771 1536 887 1595 virium.
917 1538 1014 1596 omnis
1030 1536 1109 1595 enim
1125 1538 1176 1596 illa
1189 1537 1281 1609 unda,

312 1637 391 1695 quae
407 1638 425 1678 a
439 1630 524 1695 tergo
541 1622 716 1694 supervenit
730 1626 761 1677 et
774 1621 803 1677 in
821 1636 855 1678 se
870 1621 993 1689 erese-it,
1016 1636 1084 1678 oum
1100 1636 1178 1679 onus
1194 1636 1282 1678 suum

312 1704 461 1763 sustiuere
476 1720 535 1763 non
554 1703 662 1777 potuit,
688 1702 747 1760 vim
763 1702 849 1762 ruina
863 1711 949 1777 parat
963 1710 992 1760 et
1007 1719 1103 1776 prona
1116 1719 1183 1762 etim
1196 1703 1283 1776 ipsis,

313 1802 391 1860 quae
404 1786 597 1858 oblacebant,
614 1786 696 1858 fugit.
720 1786 802 1844 Idem
815 1787 920 1860 spiritu
933 1786 980 1856 stt,
998 1788 1050 1860 qui
1062 1803 1122 1860 quo
1134 1784 1284 1844 valentior

312 1870 481 1943 agillorque
494 1877 549 1941 est,
563 1870 650 1929 citius
662 1868 788 1942 eripitur
799 1878 828 1929 et
838 1868 1047 1928 vehementius
1059 1878 1180 1943 septum
1192 1884 1283 1927 outae

312 1953 475 2012 diSturbat:
496 1969 534 2011 ex
551 1970 610 2027 quo
626 1960 726 2011 motus
742 1952 790 2022 stt,
813 1952 928 2011 seilicet
944 1951 1009 2011 eius
1025 1953 1134 2025 partis,
1151 1951 1283 2025 subque

283 2044 476 2111 opugnatum
493 2044 548 2094 est.
583 2036 670 2109 Quod
686 2034 794 2093 dieitur
809 2052 912 2094 verum
924 2050 996 2093 esse
1007 2050 1046 2093 ex
1057 2034 1107 2094 illo
1121 2034 1281 2108 probatur:

313 2134 407 2192 saepe
429 2136 496 2179 eum
517 2126 615 2178 terrae
639 2125 738 2177 motus
761 2117 830 2191 luit,
853 2117 880 2177 si
902 2120 993 2177 modo
1010 2134 1083 2192 pars
1098 2117 1164 2176 eius
1179 2117 1282 2191 aliqua

314 2202 433 2275 dIrupta
453 2210 514 2273 est,
537 2204 607 2259 iude
628 2209 734 2260 ventus
758 2216 811 2274 per
831 2201 1026 2259 multosdies
1048 2199 1150 2270 fluxit,
1173 2207 1208 2258 ul
1224 2208 1281 2259 tra·

314 2286 392 2344 ditur
407 2302 444 2343 eo
458 2286 567 2343 Iactum
577 2293 674 2355 motu,
692 2300 753 2357 otto
766 2283 884 2342 Chalcis
896 2283 1058 2344 laboravitz
1081 2283 1161 2356 apud
1174 2282 1281 2341 Ascle*

313 2368 470 2440 piodotum
497 2366 653 2435 invenies,
682 2366 849 2424 auditorem
874 2365 1050 2436 Posidonii,
1078 2365 1107 2423 In
1132 2364 1180 2422 Ins
1206 2364 1281 2437 Ipsis

314 2450 525 2523 quaestionum
544 2449 722 2507 naturalium
744 2450 856 2507 causis.
888 2449 1024 2507 Invenies
1049 2453 1079 2505 et
1101 2448 1183 2522 apud
1205 2446 1281 2505 alios

313 2540 454 2591 auctores
477 2532 578 2592 hiasse
593 2548 653 2591 uno
670 2534 737 2591 loco
753 2539 862 2590 terram
877 2539 906 2590 et
923 2529 994 2589 inde
1009 2546 1068 2588 non
1082 2531 1193 2603 exiguo
1209 2538 1281 2589 tem·

312 2613 389 2688 pore
411 2616 547 2689 spirasse
569 2624 704 2684 ventum,
728 2614 779 2688 qui
794 2615 909 2673 seilicet
923 2613 997 2673 illud
1011 2614 1067 2672 iter
1083 2614 1151 2687 ipse
1165 2613 1223 2671 sibi
1239 2613 1279 2670 le·

314 2705 410 2769 cerat,
436 2715 489 2771 per
504 2700 585 2772 qttod
603 2698 763 2757 serebatur.

286 2788 301 2837 1
375 2781 481 2839 XVIII.
509 2782 639 2839 Maxima
661 2797 732 2854 ergo
755 2795 848 2839 eausa
868 2785 929 2847 est,
954 2785 1079 2854 propter
1094 2794 1185 2852 quam
1205 2786 1283 2837 terra

315 2873 483 2935 moveatur,
508 2864 630 2937 spiritus
652 2873 758 2923 natura
779 2862 856 2921 ailus
872 2869 902 2920 et
924 2864 1024 2922 locum
1036 2879 1053 2919 e
1067 2864 1136 2920 loeo
1152 2869 1282 2934 mutans.

314 2944 362 3002 hio
378 2945 523 3017 quamdiu
537 2962 595 3005 non
612 2947 763 3018 Inpellitur
777 2952 806 3003 et
820 2946 849 3003 in
863 2945 983 3003 vacanti
997 2946 1096 3018 spatio
1109 2946 1189 3014 latet,
1205 2944 1284 3001 iacet

287 3026 457 3086 Iinttoxius
473 3044 528 3085 nea
544 3028 744 3086 circumiectis
761 3030 906 3086 molestus
920 3034 983 3087 est:
1006 3027 1056 3086 ubi
1071 3028 1152 3085 illum
1169 3026 1281 3084 extrin-

316 3126 406 3169 secus
428 3112 647 3185 superveniens
663 3127 757 3170 eausa
772 3112 912 3169 sollicitat
927 3111 1131 3184 conpellitque
1145 3116 1175 3167 et
1189 3110 1217 3167 In
1235 3123 1282 3165 ar-

315 3202 375 3253 tum
397 3196 471 3267 agit,
502 3195 527 3251 si
550 3196 617 3253 licet
638 3195 752 3266 adhue,
774 3195 853 3252 cedit
876 3200 988 3252 tantum
1010 3201 1040 3253 et
1059 3199 1203 3264 vagatur:
1231 3190 1283 3250 ubi

315 3284 421 3352 erepta
435 3277 614 3338 discedendi
628 3279 754 3338 facultas
771 3285 860 3335 estet
876 3277 1012 3349 undique
1027 3274 1191 3345 obsistitur,
1210 3281 1284 3333 luno

718 3377 825 3433 mapno
838 3377 904 3420 cam
918 3376 1068 3419 marmure
1081 3360 1185 3418 mantis

398 3447 509 3503 ciream
523 3444 808 3515 claustrofremunt,
1133 3497 1140 3515 ,

316 3543 394 3602 quae
409 3528 460 3586 diu
483 3528 601 3601 pulsata
619 3525 760 3584 convellit
775 3541 811 3584 aa
824 3526 927 3596 iactat,
951 3540 988 3584 eo
1006 3524 1114 3596 aerior,
1138 3539 1203 3598 quo
1216 3536 1285 3580 eum

287 3618 399 3669 amora
413 3610 579 3669 valentiore
594 3610 722 3667 luctatus
734 3616 789 3667 est.
818 3607 936 3668 Deinde
948 3624 1016 3667 eum
1029 3607 1109 3665 eima
1121 3608 1285 3679 perlustra·

316 3692 356 3752 rit
372 3708 475 3769 ontne,
497 3708 557 3769 quo
574 3692 739 3765 tenebatur,
762 3707 819 3751 nee
835 3690 931 3766 potuit
945 3691 1091 3764 evadere,
1114 3688 1200 3763 inde,
1224 3704 1285 3764 quo
