2942 4384
324 548 330 555 .
367 472 507 533 narun.
525 470 685 546 uunusr.
707 472 780 556 ura.
796 471 833 530 11.
854 479 952 534 c-a.
1080 470 1142 535 187

167 636 297 699 quoque
310 620 390 681 sicut
403 620 432 679 in
447 637 528 695 aqua
543 621 585 680 tit.
612 621 805 680 circumsistit
819 622 898 680 enim
913 636 1003 681 omne
1018 637 1141 698 corpus,

168 724 187 767 a
203 722 267 781 quo
284 704 452 779 inpellitur:
474 704 546 762 nihil
561 720 634 778 ergo
650 720 730 777 opus
747 706 803 763 erit
819 704 953 764 admixto
974 705 1066 763 inani.

230 788 311 847 Vlll.
334 786 396 846 Sed
415 786 492 845 haee
512 787 597 845 alias.
627 801 698 846 esse
713 788 863 861 quaedam
877 789 906 845 ln
921 802 1021 845 rerum
1036 797 1142 848 natura

168 868 362 931 vehementia
375 869 674 943 magniqueinpetus
690 886 771 928 nunc
786 868 831 928 sie
852 870 1070 943 colligendum:
1097 873 1142 930 ni·
1175 924 1178 931 .

167 955 209 1013 hil
224 953 284 1011 nisi
298 952 464 1011 intentione
479 952 687 1012 vehementius
702 959 764 1024 est,
786 959 846 1011 tam
866 953 1038 1012 mehercule
1051 970 1141 1027 quarn

169 1037 243 1095 nihil
264 1035 378 1095 intendi
394 1035 432 1094 ab
447 1036 505 1092 alio
522 1034 644 1107 poterit,
667 1034 726 1093 nisi
743 1035 857 1109 aliquid
873 1050 929 1108 per
943 1044 1039 1095 semet
1054 1038 1143 1096 luerit

168 1119 327 1178 intentum.
359 1116 488 1176 dicimus
509 1118 588 1175 enim
609 1118 717 1176 eodem
739 1118 830 1177 modo
853 1134 913 1177 non
939 1134 1035 1191 posse
1057 1120 1141 1193 quio-

169 1217 263 1275 quam
277 1200 316 1259 ab
331 1200 390 1259 alio
401 1198 533 1271 moveri,
549 1199 608 1258 nisi
621 1200 734 1273 aliquid
752 1202 840 1259 luerit
854 1199 964 1259 mobile
980 1199 1019 1258 eir
1036 1209 1141 1260 semet.

169 1283 243 1358 qnid
263 1289 365 1341 autem
387 1288 449 1353 est,
473 1282 555 1356 quod
576 1282 672 1355 magis
688 1284 829 1341 credatur
843 1298 881 1341 ex
897 1298 932 1341 se
947 1283 1015 1355 ipso
1030 1283 1143 1342 habere

169 1364 367 1424 intentionem
388 1380 479 1439 quam
502 1363 649 1437 spiritus‘t
673 1365 762 1423 Hunc
784 1365 896 1424 intendi
920 1364 989 1438 quis
1011 1365 1142 1437 negabit,

168 1463 238 1507 curn
249 1447 363 1513 ‚viderit
376 1447 480 1505 iactari
492 1454 601 1505 terram
614 1463 682 1505 cum
694 1446 863 1518 montibuS,
876 1454 955 1505 lecta
966 1463 1140 1520 murosque,

168 1546 297 1605 magnas
312 1539 380 1588 cum
396 1530 519 1603 populis
533 1530 643 1599 urbes,
659 1545 725 1588 oum
741 1529 812 1588 totis
827 1528 921 1588 muria
937 1528 1095 1588 litoribus?

231 1613 283 1671 lX.
313 1610 450 1671 Ostendit
476 1613 671 1671 intentionem
696 1612 822 1685 spiritus
850 1613 996 1671 velocitas
1021 1612 1087 1670 eius
1113 1619 1173 1675 etl

168 1695 317 1755 diductio.
339 1693 424 1753 Oculi
436 1695 535 1754 statim
546 1710 601 1767 per
612 1696 704 1752 multa
716 1695 798 1753 milia
807 1696 902 1753 aciem
915 1711 1002 1754 suam
1013 1695 1141 1753 mittunt.

168 1794 231 1837 vox
244 1792 309 1836 una
321 1784 401 1837 totas
415 1776 507 1835 urbes
523 1778 611 1835 simul
628 1779 764 1850 percutit.
790 1779 905 1836 Lumen
920 1794 980 1837 non
998 1779 1140 1851 paulatim

167 1859 320 1935 prorepit,
335 1860 391 1918 sed
405 1861 500 1917 semel
515 1860 665 1918 universis
681 1860 773 1918 rebus
787 1859 963 1920 infunditur.
983 1862 1074 1934 Aqua
1089 1877 1141 1918 au·
1156 1872 1173 1923 2

168 1950 229 2003 tem
245 1942 500 2014 quemadmodum
515 1942 581 2001 sine
596 1942 704 2016 spiritu
720 1948 826 2014 posset
839 1942 974 2000 intendit
995 1942 1141 2015 numquid

169 2025 310 2098 dubitas,
331 2024 402 2097 quin
424 2026 544 2098 sparsio
564 2026 629 2097 illa,
651 2038 730 2098 quae
751 2040 790 2082 ex
806 2024 1009 2084 fundamentis
1024 2024 1142 2082 mediae

169 2122 283 2165 arenae
297 2107 482 2166 crescensin
496 2122 645 2166 summurn
658 2122 758 2180 usque
770 2105 979 2181 amphitheatri
995 2106 1141 2179 pervenit,

170 2206 242 2249 cum
255 2190 420 2249 intentione
434 2205 533 2263 aquae
547 2190 620 2249 liat?
650 2190 734 2263 atqui
758 2205 816 2248 uec
840 2205 948 2247 manus
968 2203 1025 2246 nec
1047 2189 1140 2247 ullum

169 2272 254 2346 aliud
274 2278 453 2332 tormentum
475 2287 586 2345 aquam
608 2278 710 2346 potest
730 2274 847 2331 mittere
868 2279 921 2330 aut
941 2286 1033 2345 agere
1049 2286 1141 2344 quarn

169 2355 307 2428 spiritus.
334 2353 404 2413 huic
419 2369 454 2413 se
468 2350 660 2426 commodat,
675 2355 733 2422 hoc
746 2355 898 2414 adtollitur
914 2355 1028 2413 inserto
1044 2362 1074 2412 et
1088 2370 1140 2412 co·

169 2444 275 2511 genta,
296 2444 402 2496 contra
420 2445 558 2496 naturam
579 2452 664 2496 suam
679 2440 772 2496 multa
786 2445 912 2497 conatur
928 2444 958 2495 el
972 2438 1140 2509 adscendit,

169 2527 243 2578 nata
267 2517 412 2578 defluere.
447 2520 546 2591 Quid?
571 2519 691 2593 navigia
718 2521 839 2578 sarcina
864 2520 1013 2593 depressa
1034 2532 1173 2593 pamma

170 2601 336 2661 ostendunt
356 2617 416 2660 non
433 2617 543 2674 aquarn
557 2602 616 2661 sibi
629 2602 788 2672 resistere,
812 2608 873 2675 quo
888 2602 988 2661 minus
1003 2616 1140 2673 mergan-

169 2691 235 2763 tur,
256 2684 314 2742 sed
334 2684 491 2757 spiritum‘t
517 2699 599 2757 aqua
619 2685 698 2753 enim
721 2685 844 2742 cederet
864 2698 920 2741 neo
943 2692 1050 2756 posset
1064 2699 1140 2755 pon-

170 2768 247 2827 dera
274 2766 440 2837 sustinere,
468 2765 526 2825 nisi
547 2766 616 2840 ipsa
636 2767 845 2825 sustineretur.
878 2764 989 2824 Discus
1010 2781 1050 2823 ex
1072 2766 1140 2823 loco

171 2847 377 2922 superiorein
393 2848 542 2921 piscinam
559 2850 672 2907 missus
687 2865 748 2907 non
765 2846 937 2919 descendit,
959 2849 1015 2906 sed
1030 2848 1139 2906 resilit:

171 2930 445 3005 quemadmodum,
466 2931 524 2990 nisi
545 2931 653 3004 spiritu
667 2932 850 2991 relerientet
871 2932 941 2990 Vox
958 2938 1057 2989 autern
1081 2939 1173 3005 qual

170 3014 289 3073 ratione
310 3028 365 3086 per
380 3014 525 3085 parietum
539 3015 724 3074 munimenta
737 3014 960 3085 transmittitur,
982 3014 1040 3072 nisi
1056 3014 1141 3086 quod

170 3095 273 3155 solido
290 3110 415 3168 quoque
427 3111 481 3153 aer
495 3097 587 3169 inest,
609 3098 660 3171 qui
681 3112 791 3156 sonum
808 3096 999 3154 extrinsecus
1013 3096 1141 3153 missum

170 3185 201 3236 et
216 3176 329 3250 accipit
346 3184 378 3235 et
396 3178 538 3237 remittit?
564 3180 680 3237 seilicet
702 3178 810 3252 spiritu
831 3193 893 3235 non
908 3184 1013 3250 aperta
1025 3183 1141 3239 tantum

171 3259 350 3331 intendens,
372 3260 537 3320 sedetiam
558 3261 660 3319 abdita
680 3269 710 3319 et
729 3261 861 3329 inclusa,
885 3258 968 3331 quod
983 3257 1024 3315 illi
1040 3260 1152 3316 lacere·

171 3342 348 3417 expeditum
369 3349 431 3412 est,
453 3343 695 3417 quia-nusquam
714 3342 833 3400 divisus
850 3346 911 3411 est,
939 3340 993 3398 sed
1015 3355 1070 3413 per
1091 3340 1142 3399 illa

170 3423 257 3499 ipsa,
274 3423 385 3497 quibus
400 3426 537 3498 separari
551 3426 684 3496 videtur,
705 3424 767 3483 coit
780 3438 894 3482 secum.
916 3422 1091 3496 interponas
1107 3422 1141 3479 li-

171 3515 221 3567 cet
244 3522 349 3566 muros
376 3514 406 3566 et
423 3507 554 3567 mediam
575 3508 760 3567 altitudinem
782 3507 940 3565 montium:
967 3520 1021 3580 per
1041 3503 1142 3562 anania

170 3589 231 3648 ista
246 3589 425 3663 prohibetur
440 3590 529 3649 nobis
544 3605 615 3650 esse
630 3588 773 3664 pervius,
788 3588 930 3648 nonsibi.
957 3588 988 3645 id
1002 3587 1080 3645 enim
1096 3588 1141 3644 in·

171 3672 351 3733 tercluditur
364 3672 498 3747 tantum,
514 3688 576 3748 per.
587 3674 670 3749 quod
685 3672 769 3733 illum
784 3687 841 3732 nos
856 3670 944 3745 sequi
961 3685 1140 3744 possumus=
