2942 4384
424 452 475 512 DE
496 450 705 511 BENEFICIIS
727 451 800 511 LlB.
812 451 849 511 lt.
872 460 1001 513 ll—ll.
1166 455 1206 517 21

236 604 281 665 ris
297 619 403 664 aurum
425 610 456 663 et
475 603 652 685 margaritas
670 606 826 663 osculatus
842 613 932 664 estet
946 606 1079 681 alioquin
1096 610 1207 669 nullam

239 685 406 763 partemin
426 702 557 761 corpore
577 687 831 759 eius-electurus²
856 704 946 761 quam
969 691 1072 763 purius
1088 694 1208 751 oscula-

237 776 342 831 retur?
376 771 474 829 Homo
499 776 587 829 natus
612 770 642 828 in
669 770 743 843 boc,
766 780 801 830 ut
823 786 925 830 mores
949 772 1062 831 liberae
1079 774 1238 836 eivitatis2
1336 800 1338 808 ·

236 852 362 913 Persica
387 853 530 911 servitute
550 859 691 924 mutaret,
721 868 828 927 parum
854 853 1010 927 iudicavit,
1033 857 1059 915 si
1085 865 1208 918 senator

236 952 335 997 senex
351 935 512 995 submissis
527 934 695 995 honoribus
712 936 741 994 in
764 944 933 1009 conspectu
949 939 1118 1013 principum
1133 957 1205 1015 sup-

228 1021 311 1094 plex
336 1019 393 1078 sibi
418 1034 455 1078 eo
479 1034 563 1077 more
588 1018 747 1091 iacuisset,
772 1035 832 1093 quo
848 1019 953 1080 hostes
974 1020 1045 1082 victi
1065 1022 1206 1083 hostibus

236 1104 375 1162 iacuere:
398 1102 512 1161 invenit
526 1101 641 1176 aliquid
655 1102 732 1160 intra
748 1117 862 1175 genua,
886 1120 947 1177 quo
967 1104 1135 1165 libertatem
1155 1108 1207 1167 de-

237 1185 383 1246 truderet.
417 1201 478 1245 uon
492 1184 551 1243 hoc
566 1192 614 1243 est
631 1185 848 1258 rempublicam
869 1188 1008 1246 calcaret
1031 1190 1207 1263 etquidem,

237 1267 320 1328 dicet
334 1268 460 1341 aliquis,
475 1283 544 1325 nam
557 1274 657 1340 potest
669 1268 708 1326 ad
720 1283 783 1325 rem
796 1266 957 1342 pertinere,
973 1271 1095 1331 sinistro
1108 1273 1208 1347 pedel

237 1367 347 1425 parum
361 1350 439 1408 enim
457 1350 547 1409 loede
562 1351 739 1423 furioseque
753 1350 890 1409 insolens
909 1353 1015 1423 luerat,
1032 1354 1085 1427 qui
1104 1354 1142 1413 de
1156 1371 1205 1413 ca·

236 1433 301 1508 pite
316 1434 486 1492 consularis
501 1432 558 1492 viri
574 1441 715 1493 soccatus
731 1434 887 1507 audiebat,
908 1435 967 1493 nisi
982 1436 1017 1495 ‘in
1033 1452 1069 1496 os
1085 1446 1205 1497 senato·

236 1517 279 1576 ris
294 1516 477 1589 ingessisset
491 1516 653 1591 imperator
666 1517 788 1596 epigros
806 1532 890 1577 suos.

298 1598 420 1658 Xlll.0
449 1600 593 1673 superbia
620 1615 749 1672 magnae
774 1600 926 1673 fortunae!
957 1618 974 1662 0
999 1600 1237 1663 stultissimuml

235 1683 363 1741 malum!
384 1690 418 1740 ut
432 1699 450 1740 a
464 1689 492 1741 te
507 1681 580 1740 nibil
595 1681 735 1756 accipere
752 1684 849 1742 iuvat!
874 1692 907 1744 ut
922 1700 1010 1744 omne
1025 1686 1205 1745 beneficium

235 1766 266 1823 in
283 1763 423 1824 iniuriam
439 1765 604 1825 convertis!
635 1773 669 1825 ut
683 1772 712 1824 te
728 1765 829 1825 omma
843 1766 934 1826 nimia
949 1768 1113 1829 delectant!
1132 1778 1165 1829 ut
1176 1778 1206 1828 te

236 1848 338 1907 omnia
360 1848 522 1907 dedecent!
552 1864 676 1923 quoque
701 1848 790 1908 altius
811 1856 840 1908 te
865 1850 1046 1925 sublevasti,
1070 1852 1129 1912 hoc
1154 1851 1206 1911 de·

236 1931 374 2004 pressior
399 1946 433 1989 es
459 1931 659 2005 ostendisque
684 1932 739 1990 tibi
759 1948 818 1991 non
842 1934 943 1991 dotum
957 1949 1127 2006 agnoscere
1147 1935 1207 1994 ista

234 2013 332 2085 bona,
355 2013 464 2087 quibus
486 2021 600 2073 tantum
621 2012 746 2072 inflaris.
776 2015 920 2089 quiequid
946 2015 1002 2074 das
1025 2016 1205 2090 corrumpis.

233 2096 322 2155 Libet
346 2096 448 2169 itaque
473 2095 674 2171 interrogare,
699 2096 773 2171 quid
799 2114 833 2156 se
856 2102 1012 2170 tantopere
1038 2100 1238 2172 resupinetp

235 2179 308 2253 quid
324 2179 439 2238 voltum
453 2178 649 2254 habitumque
660 2179 730 2239 'oris
752 2188 919 2255 pervertat,
941 2188 974 2239 ut
993 2182 1078 2239 malit
1092 2182 1206 2240 habere

235 2277 400 2336 personam
422 2278 513 2335 quam
534 2263 664 2322 laciemt
696 2263 832 2323 iucunda
856 2270 941 2336 sunt,
970 2280 1049 2337 quae
1074 2265 1207 2324 humana
1288 2313 1296 2326 .

217 2346 351 2416 inante,
373 2352 454 2404 certe
468 2345 529 2404 leni
544 2346 725 2419 placidaque
740 2346 925 2419 tribuuntur,
945 2363 1024 2420 quae
1040 2364 1107 2407 cum
1120 2348 1206 2407 daret

233 2427 306 2485 mihi
322 2428 478 2501 superior,
492 2445 552 2487 non
569 2429 732 2487 exsultavit
744 2445 837 2503 supra
851 2422 914 2501 me,
931 2430 986 2488 sed
1003 2448 1092 2504 quam
1110 2430 1207 2504 potuit
1286 2495 1292 2506 ,

234 2510 474 2583 benignissimus
496 2511 551 2570 luit
571 2512 792 2585 descenditque
815 2512 845 2570 in
871 2528 1004 2585 aequum
1024 2520 1055 2572 et
1075 2514 1207 2572 detraxit

233 2591 354 2651 muneri
370 2609 426 2652 suo
448 2610 602 2669 pompam.
636 2594 686 2671 [si]
709 2595 885 2653 observavit
904 2596 1046 2653 idoneum
1074 2604 1204 2668 tempus,

233 2682 266 2734 ul
280 2676 310 2734 in
327 2677 491 2736 occasione
512 2676 613 2751 potius
639 2694 730 2752 quam
754 2677 784 2734 in
804 2676 987 2736 necessitate
1003 2684 1205 2736 succurreret.

233 2759 302 2818 Uno
324 2760 416 2818 modo
436 2760 502 2819 istis
523 2761 790 2834 persuadebimus,
817 2774 855 2817 ne
875 2759 1025 2818 beneficia
1046 2775 1103 2817 sua
1123 2759 1237 2823 iaso-3

233 2841 327 2900 lentla
343 2842 486 2915 perdant,
509 2844 536 2901 si
556 2844 779 2902 ostenderimus
799 2859 860 2901 non
881 2843 951 2901 ideo
966 2842 1063 2901 videri
1078 2842 1204 2917 maiora,

234 2925 306 2998 quia
320 2926 535 2984 tumultuosius
552 2926 622 2984 data
636 2933 716 2985 sunt.
744 2942 784 2984 ne
799 2926 886 3000 ipsos
903 2925 1025 3001 quidem
1041 2926 1079 2985 ob
1096 2927 1127 2985 id
1143 2927 1204 2985 cui·

235 3012 326 3080 quam
342 3023 438 3081 posse
452 3009 583 3067 maiores
598 3009 705 3067 videri.
741 3025 850 3067 vanam
871 3024 942 3067 esse
963 3010 1127 3082 superbiae
1142 3026 1204 3068 ma-

233 3089 419 3162 gnitudinem
437 3099 467 3149 et
482 3107 560 3165 quae
576 3092 603 3149 in
620 3092 722 3149 odium
738 3092 827 3151 etiam
842 3091 974 3149 amanda
990 3093 1146 3165 perducat.

295 3173 375 3231 XIV.
397 3173 491 3232 Sunt
507 3175 886 3247 quae'damnocitura
903 3174 1235 3247 inpetrantibus‚1

235 3270 335 3329 quae
365 3273 437 3316 non
466 3257 573 3329 dare,
606 3257 674 3337 sed
700 3272 844 3329 negare
872 3256 1108 3314 beneficium
1131 3262 1203 3313 est:

235 3336 527 3397 aestimabimus
553 3340 684 3412 itaque
705 3339 915 3399 utilitatem
943 3339 1205 3411 potiusquam

236 3421 471 3482 voluntatem
494 3423 713 3495 petentium.
744 3437 839 3496 saepe
854 3422 933 3479 enim
949 3421 1041 3480 noxia
1058 3422 1202 3494 concupi-

236 3504 347 3562 scimus
373 3520 430 3562 nec
455 3504 607 3578 dispicere
633 3521 724 3578 quam
748 3504 923 3579 perniciosa
944 3503 1005 3564 sint
1024 3503 1108 3574 lieet,
1133 3505 1204 3577 quia

237 3587 378 3647 iudicium
401 3587 572 3661 interpellat
592 3588 741 3647 adlectus.
771 3589 827 3646 sed
842 3604 911 3647 cum
931 3586 1071 3646 subsedit
1087 3586 1204 3661 cupidi-

239 3677 297 3744 tas,
327 3685 397 3732 cum
410 3671 532 3747 inpetus
547 3671 597 3730 ille
611 3669 768 3745 flagrantis
789 3671 896 3746 unlnti,
920 3670 971 3745 qui
986 3670 1145 3730 eonsilium
1161 3672 1174 3728 l
1193 3702 1205 3710 -
