2942 4384
403 466 543 527 NATUR.
559 464 721 539 QUAEST.
743 464 816 523 LIB.
828 466 879 523 IV.
901 473 927 525 2.
942 473 969 527 3.
1108 464 1175 530 Μ)

203 615 333 680 calidior
346 624 414 677 esti
435 617 551 676 Deinde
567 632 662 691 quare
675 617 759 676 Nilus
776 616 873 676 duleis
889 625 951 688 est,
968 620 994 677 si
1009 618 1086 678 haec
1100 618 1174 680 illie

201 702 280 761 mari
293 702 377 761 unda
391 706 459 759 esta
480 716 537 759 nec
552 701 631 759 enim
648 700 699 759 ulli
714 699 830 759 flumini
846 702 963 761 dulcior
976 711 1093 776 gustus.
1109 702 1173 741 ***

263 866 820 946 111.***[Quaertarr,qoomodonte
838 872 902 940 fiat
916 866 956 908 **
969 871 1032 928 Nic
1042 872 1173 943 pruinae

198 953 290 1014 dubet
309 954 432 1013 similem
450 969 492 1011 na
493 958 599 1011 maram
628 956 698 1026 plus
717 954 763 1010 itti
772 955 894 1026 spiritus
907 969 996 1026 quam
1010 970 1107 1027 aquae
1122 956 1172 1011 in·
1189 973 1202 1023 1

198 1047 252 1098 est
267 1034 305 1070 **
315 1036 517 1108 Anaxoporas
531 1033 569 1071 **
584 1034 694 1104 Quod
682 1052 712 1094 m
714 1041 758 1093 ter
771 1051 879 1109 aquom
894 1042 1032 1096 atrorem
1047 1040 1205 1109 interest,

198 1122 256 1180 doc
269 1122 346 1179 inter
353 1123 493 1193 pruinam
507 1135 524 1177 e
525 1121 687 1191 laicalem,
702 1135 757 1178 nec
770 1135 828 1178 aon
839 1123 916 1179 inter
927 1123 1020 1179 nivem
1034 1126 1063 1179 et
1072 1136 1172 1193 pran-

199 1206 300 1263 dmem
323 1206 451 1261 interest.
471 1201 526 1277 **]

261 1284 491 1345 Grandinem
515 1285 574 1343 hoc
593 1284 685 1344 rnodo
713 1285 819 1357 lieri,
847 1285 874 1344 si
893 1286 946 1344 tibi
961 1285 1171 1359 adfirmavere

200 1386 264 1444 quo
280 1368 363 1442 apud
375 1385 432 1427 nos
445 1366 559 1441 glacies
572 1369 619 1438 lit,
642 1370 770 1441 gelata
787 1367 882 1428 nube
897 1376 993 1439 tota,
1014 1368 1102 1427 nimis
1117 1386 1170 1428 au-

200 1453 309 1511 dacem
324 1466 389 1509 rem
403 1452 515 1510 secero.
544 1451 646 1524 itaque
661 1467 699 1509 ex
715 1450 761 1508 his
774 1466 821 1509 me
835 1451 963 1511 testibus
979 1467 1105 1511 nurnero
1124 1467 1172 1510 se·

200 1535 321 1594 eundae
340 1542 444 1606 notae,
468 1535 518 1607 qui
539 1535 695 1593 audivisse
712 1535 833 1608 quidem
849 1550 899 1608 se,
920 1534 1037 1593 vidisse
1052 1544 1170 1608 negant.

199 1626 253 1677 aut
264 1618 348 1691 quod
363 1617 499 1677 historici
511 1618 641 1689 iaciunt,
664 1624 693 1676 et
711 1617 779 1691 ipse
792 1618 915 1676 faciam:
936 1618 977 1677 illi
995 1634 1062 1676 cum
1080 1620 1172 1677 multa

199 1700 315 1760 mentiti
331 1700 454 1759 suntad
469 1700 621 1759 arbitrium
639 1716 743 1772 suum,
766 1717 858 1760 unam
879 1701 1011 1775 aliquam
1032 1716 1095 1759 rem
1116 1717 1170 1761 no·

189 1786 266 1845 ,lunt
281 1784 449 1857 spondere,
464 1784 521 1842 sed
538 1782 686 1842 adiciunt:
709 1799 858 1858 „penes
873 1791 1053 1844 auctores
1070 1785 1170 1843 sides

198 1867 308 1926 erit.“
326 1867 407 1939 Ergo
419 1867 446 1925 si
458 1866 529 1925 milri
542 1882 647 1940 parum
666 1867 782 1938 credie,
799 1867 984 1926 Posidonius
999 1868 1052 1927 tibi
1066 1875 1169 1928 aucto·
1186 1883 1203 1933 2

196 1950 317 2008 ritatem
340 1949 498 2024 promittit,
521 1956 579 2008 tarn
599 1951 628 2007 in
648 1950 715 2022 illo,
737 1951 818 2023 quod
841 1950 1008 2023 praeteriit,
1035 1966 1125 2023 quarn
1140 1952 1170 2009 in

197 2033 274 2104 hoc,
292 2034 374 2105 quod
389 2040 561 2092 secuturum
578 2040 635 2091 est.
663 2033 845 2091 Grandinern
862 2032 942 2091 enim
957 2034 1022 2091 fieri
1037 2049 1076 2090 ex
1091 2033 1171 2092 nube

199 2132 336 2189 aquosa,
363 2116 421 2174 iarn
443 2124 472 2174 et
492 2118 521 2174 in
543 2115 699 2175 humorem
720 2132 824 2187 versa,
852 2116 896 2173 sic
912 2115 1083 2174 adfirmabit
1096 2124 1168 2175 tam-

199 2199 480 2276 quantimerluerit.
505 2194 627 2271 Quale
648 2206 748 2257 autem
763 2199 930 2259 rotunda
950 2199 1001 2257 sit
1015 2199 1201 2270 grandes

198 2290 229 2340 et
251 2282 319 2340 sine
339 2283 483 2355 magistro
505 2283 584 2340 scire
605 2282 726 2355 possis,
753 2299 821 2342 cum
842 2282 1036 2341 adnotaveris
1058 2282 1169 2342 stillici-

201 2363 285 2423 dium
298 2381 387 2424 omne
402 2364 573 2439 glomerari
596 2367 678 2438 qtrcd
691 2374 720 2425 et
735 2366 764 2423 in
781 2366 916 2439 speculis
931 2366 1073 2439 adparet,
1092 2381 1170 2439 quae

198 2449 355 2507 humorem
378 2449 471 2508 halitu
492 2449 693 2543 colligunce
676 2450 754 2508 etin
777 2450 896 2543 poculis
912 2448 1030 2522 sparsis
1051 2448 1170 2521 aliaque

199 2532 282 2588 omni
304 2532 451 2590 laevitate.
483 2547 543 2591 non
558 2532 658 2591 minus
674 2517 754 2592 loliis
770 2533 796 2591 si
812 2548 890 2606 quae
905 2539 1007 2605 guttae
1022 2531 1169 2590 adhaese

197 2620 283 2684 runt,
298 2614 328 2672 in
344 2615 503 2674 rotundam
520 2615 628 2674 iacent.

282 2697 362 2769 Quia
373 2702 469 2771 mauis
483 2705 526 2757 est
536 2715 612 2758 sacro
626 2700 745 2759 darum.
742 2695 755 2743 7
766 2701 839 2771 quid
849 2701 930 2757 moll
918 2716 964 2757 rus
977 2694 1083 2757 unda?
1184 2707 1202 2757 4

324 2783 403 2840 daura
415 2788 512 2842 tomen
525 2785 607 2842 molti
616 2799 695 2841 saco
708 2789 854 2842 cavantur
864 2797 953 2855 aqua.

196 2868 249 2922 aut
263 2869 296 2923 ut
311 2863 388 2923 alius
404 2873 496 2937 poeta
510 2864 594 2942 aim„

322 2950 455 3009 stillicida·
466 2965 553 3008 casas
567 2950 697 3023 lapidem
710 2955 804 3009 cacat.

193 3029 281 3087 Haec
304 3029 373 3103 ipsa
388 3032 546 3090 excavatio
567 3033 699 3091 rotunda
718 3034 760 3090 lit.
801 3047 840 3089 ex
865 3049 925 3105 quo
947 3032 1075 3105 adparet
1094 3030 1169 3089 illud

198 3128 324 3186 quoque
340 3112 410 3172 huic
425 3114 523 3172 simile
535 3130 619 3188 esse,
635 3115 717 3188 quod
734 3120 832 3173 cavat.
855 3115 955 3173 locum
966 3115 1042 3172 enirn
1060 3113 1118 3171 sibi
1130 3113 1168 3171 ad

195 3196 323 3254 sormam
336 3204 366 3255 et
376 3196 509 3256 habitum
521 3197 568 3256 sui
580 3197 759 3270 exsculpsit.
771 3196 932 3255 Praeterea
945 3203 1054 3269 potest,
1067 3196 1168 3253 etiam·
1184 3204 1201 3254 5

194 3278 221 3337 si
244 3293 305 3337 non
327 3280 381 3338 luit
401 3280 516 3353 grando
536 3280 620 3352 talis,
647 3281 716 3338 darn
733 3280 882 3349 defertur,
910 3276 1126 3337 conrotundari
1140 3284 1170 3335 et

193 3362 306 3424 totiens
327 3378 383 3437 per
404 3362 535 3436 spatium
555 3363 634 3421 a'e'ris
650 3362 737 3420 densi
753 3362 896 3420 devoluta
911 3360 1111 3435 aequabiliter
1124 3367 1167 3418 at-

194 3459 256 3518 que
278 3445 308 3503 in
329 3445 432 3504 orbem
452 3447 517 3505 teri.
553 3446 635 3519 quod
657 3444 708 3503 nix
724 3446 786 3519 pati
803 3462 863 3503 non
881 3452 996 3519 potest,
1018 3443 1167 3517 quianon

193 3533 243 3587 est
262 3534 323 3587 tarn
345 3529 458 3602 solida,
484 3530 574 3589 immo
597 3529 668 3602 quia
688 3535 747 3587 tam
770 3530 840 3588 lusa
853 3535 901 3588 est
915 3536 944 3589 et
959 3544 1020 3587 non
1036 3542 1091 3601 per
1105 3542 1167 3585 ma-

191 3624 284 3683 gnam
299 3612 484 3674 altitudinem
500 3613 593 3685 cadit,
618 3612 673 3670 sed
690 3612 771 3671 circa
784 3619 880 3671 terras
895 3612 1010 3671 initium
1025 3611 1091 3669 eius
1107 3617 1168 3670 est:

193 3692 236 3753 ita
254 3709 316 3753 non
335 3694 457 3769 longius
478 3694 521 3754 illi
534 3711 590 3771 per
604 3698 690 3769 aera,
712 3696 768 3756 sed
783 3711 822 3754 ex
836 3696 976 3771 proximo
990 3698 1096 3770 lapsus
1112 3701 1168 3755 est.
