2942 4384
353 474 361 500 1
415 465 555 525 aaron.
572 462 733 538 eunusr.
756 462 827 522 cru.
839 463 890 524 vr.
912 472 1043 528 11-11.
1156 464 1217 563 aas

243 614 375 675 maxime
394 614 533 688 inpactus
554 620 615 684 est,
637 611 732 672 resilit
753 621 783 672 et
804 621 856 673 aut
871 629 928 687 per
942 617 1060 674 occulta
1074 614 1217 676 dividitur

242 701 312 774 ipso
334 706 431 757 terrae
453 704 536 756 motu
556 696 676 755 raritate
699 698 794 767 iacta,
823 704 873 754 aut
895 713 950 770 per
970 713 1082 757 novum
1105 700 1215 759 volnus

242 782 379 842 emicuit:
403 781 442 839 ita
463 780 529 839 eius
550 795 611 839 non
632 785 735 853 potest
757 779 803 837 vis
822 785 904 839 tanta
919 779 1054 840 cohiberi
1069 797 1126 840 nec
1141 798 1214 841 ven·

241 874 304 925 tum
326 869 408 923 tenet
428 864 489 922 ulla
510 877 675 936 conpages.
705 861 796 920 solvit
817 862 896 920 enim
918 863 1134 938 quodcumque
1151 864 1214 922 vin·

242 950 343 1006 cuium
363 955 392 1006 et
413 962 490 1004 onus
511 960 600 1004 omne
622 945 679 1003 sert
704 961 809 1003 secum
836 945 986 1019 fususque
1013 962 1067 1019 per
1092 946 1215 1005 minima

243 1031 443 1089 laxamentum
468 1034 593 1102 superat
618 1026 764 1087 indomita
787 1034 912 1087 naturae
935 1031 1070 1103 potentia
1095 1030 1214 1102 [liberat

239 1114 299 1185 11],
323 1113 425 1186 utique
441 1128 508 1171 cum
523 1111 691 1170 concitatus
707 1110 764 1170 sibi
780 1111 827 1171 ius
843 1127 932 1170 suum
945 1113 1087 1173 vindicat.
1119 1112 1242 1188 Splai-4

241 1205 290 1255 tus
307 1202 404 1269 [vero]
421 1195 531 1255 invicta
545 1210 595 1253 res
612 1203 672 1254 cst:
695 1193 767 1252 1111111
783 1194 838 1253 0111
852 1196 936 1267 quod

324 1296 466 1352 luctantes
480 1297 577 1351 centos
591 1297 827 1365 tempestatesque
841 1309 964 1352 sonoras
980 1354 983 1359 ,

324 1377 447 1449 imperto
457 1381 579 1449 premat
591 1391 629 1434 uc
641 1378 745 1435 uinctis
759 1380 789 1433 et
801 1391 924 1435 carcerc
934 1376 1045 1448 frenet.

240 1470 314 1529 Sine
336 1471 428 1530 dubio
450 1478 557 1545 poetae
583 1471 664 1529 hunc
686 1472 846 1530 voluerunt
868 1471 962 1531 videri
984 1489 1155 1546 carcerem,
1180 1475 1238 1534 in5

240 1569 303 1628 quo
325 1555 382 1614 sub
402 1562 482 1613 terra
497 1555 592 1613 clausi
607 1556 742 1613 laterent.
769 1555 824 1613 sed
839 1555 898 1613 hoc
913 1571 974 1614 non
989 1557 1210 1632 intellexerunt,

238 1652 297 1695 nec
317 1638 364 1709 id,
388 1637 471 1711 quod
492 1638 628 1698 clausum
649 1644 711 1709 est,
736 1653 807 1696 esse
822 1638 922 1697 adhuc
939 1649 1075 1712 ventum,
1097 1657 1155 1699 nec
1169 1642 1209 1714 id,

239 1721 324 1793 quod
344 1726 452 1779 ventus
474 1726 536 1793 est,
560 1735 653 1793 posse
671 1721 729 1779 iam
746 1721 854 1780 claudi.
876 1738 944 1780 nam
962 1725 1044 1797 quod
1060 1724 1209 1784 inclausa

238 1810 301 1873 est,
325 1804 454 1877 quiescit
469 1811 498 1861 et
512 1803 592 1862 aeris
608 1804 695 1862 statio
712 1812 773 1863 est:
796 1803 894 1863 omnis
907 1807 935 1863 in
949 1806 1020 1881 iuga
1031 1815 1139 1866 ventus
1153 1815 1209 1867 est.

239 1885 417 1945 Etiamnunc
432 1895 462 1946 et
475 1887 549 1945 iilud
562 1887 683 1945 accedit
696 1887 744 1945 his
760 1889 958 1961 argumentis,
980 1897 1047 1963 [per
1059 1892 1142 1964 quod
1156 1892 1208 1949 ad·
1220 1898 1238 1952 6

238 1976 340 2044 paret,
362 1971 446 2043 quod
466 1976 578 2029 motum
600 1969 693 2029 0111011
713 1970 865 2044 spiritns]
889 1972 973 2044 quod
988 1988 1117 2046 corpora
1133 1990 1208 2047 quo-

238 2067 300 2127 que
320 2060 423 2114 nostra
443 2069 504 2111 non
525 2054 610 2111 aliter
629 2061 773 2123 tremunt,
797 2070 887 2127 quam
908 2055 934 2112 si
956 2056 1092 2129 spiritum
1108 2057 1210 2129 aliqua

237 2151 333 2194 causa
354 2136 520 2210 perturbet,
543 2152 610 2195 cum
631 2134 737 2195 timore
760 2144 932 2196 contractus
954 2146 1015 2210 est,
1039 2154 1106 2197 cum
1122 2154 1209 2197 sene-

237 2225 319 2278 ctute
334 2220 501 2293 languescit
516 2227 545 2279 et
561 2220 647 2277 venis
662 2220 852 2293 torpentibus
867 2229 994 2293 marcet,
1014 2238 1082 2280 cum
1097 2222 1209 2295 frigore

237 2301 387 2361 inhibetur
408 2310 461 2362 aut
480 2303 536 2362 sub
558 2302 768 2362 accessionem
789 2318 880 2362 cursu
895 2319 951 2362 suo
970 2304 1106 2364 deicitur.
1140 2307 1236 2363 namt

237 2385 384 2459 quamdiu
399 2384 465 2445 sine
480 2385 587 2444 iniuria
602 2384 723 2459 perfluit
738 2393 768 2444 et
781 2402 819 2444 ex
833 2403 918 2445 more
932 2388 1086 2462 procedit,
1107 2388 1208 2447 nulius

235 2476 284 2527 est
303 2475 416 2529 tremor
439 2467 575 2542 corporis
598 2484 667 2527 cum
680 2468 794 2542 aliquid
810 2473 954 2542 occurrit,
977 2471 1060 2544 quod
1075 2470 1209 2531 inhibeat

235 2551 303 2611 eius
319 2552 466 2625 officium,
482 2558 553 2611 tunc
569 2566 674 2625 parum
689 2559 797 2625 potens
812 2553 840 2609 in
855 2553 1043 2625 perferendis
1056 2554 1112 2625 his,
1129 2570 1208 2627 quae

235 2650 293 2694 suo
315 2636 419 2709 vigore
440 2636 575 2708 tenebat,
598 2635 744 2696 deficiens
763 2635 908 2709 concutit,
931 2635 1077 2711 quicquid
1093 2636 1208 2711 integer

235 2720 354 2778 tulerat.

297 2846 375 2909 XIX.
409 2846 670 2908 Metrodorum
699 2848 827 2908 Chium
859 2862 1023 2907 necesse
1052 2855 1112 2907 est
1143 2860 1235 2913 111-ι

234 2930 336 2989 diam
346 2948 404 3003 ns,
427 2932 599 3005 quodvult,
616 2933 783 2992 sententiae
795 2933 862 2991 loco
875 2931 1034 2991 dicentem.
1056 2933 1208 2990 nonenim

234 3015 375 3090 permitto
396 3015 466 3073 mibi
488 3031 525 3073 ne
543 3031 596 3075 eas
613 3017 734 3091 quidem
752 3016 911 3090 opiniones
927 3016 1105 3090 praeterire,
1130 3032 1207 3089 quas

200 3151 205 3157 .
234 3097 382 3171 inprobo,
412 3114 479 3157 cum
500 3099 595 3159 satius
621 3101 660 3159 sit
680 3100 812 3159 omnium
838 3099 956 3172 copiam
983 3099 1048 3157 tieri
1074 3106 1207 3171 atquae

235 3180 415 3240 damnamus
431 3180 603 3256 improbare
619 3182 720 3256 potius
737 3197 827 3254 quam
844 3182 1015 3255 praeterire.
1046 3180 1119 3253 quid
1134 3195 1206 3253 ergo

235 3263 329 3322 dicit?
359 3265 538 3338 „Quomodo
561 3282 628 3324 cum
650 3266 679 3324 in
701 3264 783 3323 dolio
805 3262 952 3321 cantantis
970 3278 1030 3320 vox
1045 3263 1235 3334 ilia[bit·ur,]2

236 3361 291 3421 per
311 3355 405 3407 totum
427 3365 493 3408 cum
509 3349 639 3423 quadam
657 3347 850 3413 discussione
870 3344 1019 3419 percurrit
1033 3362 1069 3404 ac
1082 3354 1207 3404 resonat

233 3439 265 3489 et
285 3439 345 3490 tam
367 3432 473 3491 leviter
493 3439 574 3491 mota
592 3439 693 3490 tamen
709 3430 814 3489 circuit
828 3446 888 3488 non
905 3429 971 3488 sine
987 3436 1066 3488 tactu
1080 3430 1146 3486 eius
1161 3436 1206 3487 tu·

234 3516 407 3588 multoque,
430 3532 490 3589 quo
514 3516 631 3592 inclusa
652 3523 713 3574 est:
740 3514 785 3573 sic
807 3515 1021 3587 speluncarum
1045 3512 1101 3571 sub
1126 3519 1207 3575 terra

233 3596 431 3672 pendentium
453 3600 578 3658 vastitas
599 3599 690 3658 habet
707 3600 778 3656 aera
794 3614 898 3669 suum,
920 3612 1008 3670 quern
1025 3595 1113 3654 simui
1128 3595 1205 3653 alius

235 3693 370 3757 superne
390 3682 527 3743 incidens
548 3682 714 3759 percussit,
745 3681 835 3757 agitat
853 3696 915 3741 nou
936 3680 1022 3739 aliter
1037 3696 1127 3755 quam
1145 3678 1204 3754 iiia,
