2942 4384
265 434 300 493 L.
314 432 403 493 ANN.
418 432 547 494 stunc.
564 432 617 493 DE
629 431 841 509 BENEFlCllS
857 433 928 494 LIB.
940 435 978 494 V.
1002 445 1096 499 t-a.
1140 434 1182 503 87

205 589 262 649 diu
291 590 371 647 terre
395 589 560 662 ingratum,
589 586 687 645 donec
709 578 819 645 leceris
838 594 964 659 gratum.
996 603 1052 646 nec
1071 596 1100 649 te
1123 590 1182 651 ista

204 672 285 731 ratio
311 671 455 745 decipiet=
482 669 687 729 subcumbunt
708 669 779 729 vitia
798 668 974 743 virtutibus,
1001 672 1027 730 si
1048 672 1099 731 illa
1120 691 1181 735 uon

206 757 268 815 cito
285 755 394 815 odisse.
407 752 630 829 properaveris.

269 839 306 896 ΙΙ.
327 838 402 897 liiud
416 838 522 910 utique
543 836 632 895 unice
653 836 705 895 tibi
727 836 828 909 placet
850 836 932 895 velut
952 838 1112 910 magnilica
1135 840 1179 899 di·

205 929 305 994 ctum:
336 929 476 994 „turpe
499 926 560 978 est
579 918 791 978 beneficiis
813 919 955 978 vinci.“
988 920 1074 993 Quod
1089 938 1126 979 an
1142 924 1181 984 sit

206 1020 328 1077 verum,
365 1020 426 1063 non
457 1003 595 1062 inmerito
619 1002 723 1076 quaeri
750 1004 832 1074 solet
852 1004 1004 1077 longeque
1026 1004 1108 1062 aliud
1133 1014 1180 1067 est

205 1104 297 1161 quam
313 1096 414 1147 mente
429 1086 576 1159 concipis.
602 1099 766 1158 numquam
782 1086 862 1144 enim
876 1086 906 1145 in
919 1102 1020 1160 rerum
1035 1087 1178 1149 honesta-

203 1187 270 1230 rum
291 1168 455 1231 certamine
477 1168 615 1243 superari
637 1176 726 1242 turpe
747 1175 809 1242 est,
834 1168 999 1230 dummodo
1019 1186 1177 1231 armenon

204 1253 355 1328 proicias,
377 1261 407 1312 et
428 1255 527 1312 victus
544 1267 667 1325 quoque
683 1251 759 1310 velis
774 1252 908 1310 vincere.
935 1253 1000 1313 Non
1017 1270 1123 1314 omnes
1138 1257 1206 1315 adi

203 1338 318 1397 bonum
333 1335 523 1411 propositum
535 1335 660 1394 easdem
676 1335 816 1394 adierunt
829 1333 930 1408 vires,
943 1337 1067 1395 easdem
1084 1340 1178 1398 lacul-

201 1426 297 1492 tates,
319 1420 457 1479 eamdem
478 1419 645 1491 tartunam,
671 1433 751 1491 quae
766 1418 949 1491 optimorum
964 1435 1089 1493 quoque
1104 1436 1178 1479 cou-

201 1502 340 1564 siliorum
352 1504 506 1562 dumtaxat
520 1500 620 1560 exitus
634 1507 797 1575 temperat:
825 1501 965 1561 voluntas
981 1502 1048 1576 ipsa
1062 1511 1178 1563 rectum

201 1594 312 1660 petens
335 1586 487 1645 laudanda
506 1593 568 1656 est,
590 1583 708 1642 etiamsi
730 1584 810 1642 illam
827 1584 905 1643 alius
919 1586 1016 1658 gradu
1031 1586 1177 1647 velociori

200 1668 383 1740 antecessit,
406 1683 466 1727 non
481 1675 514 1728 ut
532 1666 561 1726 in
578 1667 791 1740 certaminibus
808 1667 847 1726 ad
865 1670 1073 1742 spectaculum
1088 1671 1176 1730 editis

199 1751 356 1812 meliorem
369 1753 467 1825 palma
480 1751 621 1823 declarat,
634 1766 818 1823 quamquam
828 1750 858 1809 iu
873 1752 931 1810 illis
945 1768 1068 1826 quoque
1082 1768 1177 1829 saepe

199 1835 385 1895 deteriorem
407 1835 550 1910 praetulit
568 1848 670 1893 casus.
698 1833 757 1892 Ubi
780 1835 819 1893 de
835 1834 937 1895 officio
954 1837 1066 1909 agitur,
1092 1839 1203 1911 quoda

198 1927 331 1993 uterque
344 1934 363 1978 a
385 1934 442 1978 sua
456 1924 543 1992 parte
556 1932 628 1976 esse
643 1932 734 1991 quam
751 1916 962 1990 plenissimum
977 1919 1074 1993 cupit,
1090 1919 1117 1978 si
1132 1922 1173 1980 al-

198 2008 246 2061 ter
268 2003 339 2077 plus
365 2002 462 2075 potuit
483 2008 513 2060 et
536 2000 576 2059 ad
596 2016 716 2061 manum
732 1999 837 2059 habuit
850 2001 1005 2059 materiam
1021 2002 1174 2062 sullicien·

197 2094 259 2146 tem
275 2086 375 2145 animo
387 2101 458 2157 suo,
474 2084 501 2143 si
515 2083 574 2154 illi,
590 2091 734 2158 quantum
751 2091 879 2142 conatus
894 2090 956 2156 est,
973 2084 1091 2143 tortuna
1107 2102 1174 2160 per-

197 2169 296 2241 misit,
312 2171 386 2228 alter
397 2178 496 2229 autem
509 2168 665 2227 voluntate
676 2183 732 2241 par
746 2173 808 2236 est,
825 2166 942 2225 etiamsi
954 2166 1071 2225 minora
1084 2184 1175 2240 quam

196 2251 320 2326 accepit
329 2252 462 2311 reddidit
475 2259 526 2310 aut
541 2252 642 2309 omnia
657 2266 718 2309 non
733 2249 880 2322 reddidit,
896 2251 953 2310 sed
968 2252 1031 2309 vult
1044 2252 1174 2311 reddere

195 2342 226 2395 et
246 2343 311 2395 toto
332 2334 361 2393 in
383 2336 442 2395 hoc
462 2335 593 2393 intentus
614 2340 662 2392 est
684 2332 802 2393 animoa
825 2350 884 2393 non
900 2331 997 2408 magis
1011 2336 1110 2394 victus
1126 2343 1175 2395 est

195 2434 289 2492 quam
305 2418 401 2493 quiin
417 2417 509 2478 armis
521 2416 660 2489 moritur,
679 2434 769 2491 quem
785 2418 927 2477 occidere
942 2419 1061 2477 facilius
1075 2419 1173 2478 hostis

196 2500 296 2575 potuit
321 2517 412 2575 quam
436 2508 583 2560 avertere.
623 2500 728 2573 Quod
755 2509 867 2575 turpe
893 2501 1111 2575 existimas,
1137 2501 1201 2561 iul

194 2584 379 2643 accidere
408 2584 616 2645 virobono
646 2600 719 2643 non
746 2590 893 2658 potest,
922 2592 960 2643 ut
987 2584 1172 2643 vincatur.

193 2683 361 2742 numquam
385 2668 466 2727 enim
492 2667 685 2737 subcumbet,
715 2683 879 2740 numquam
908 2668 1090 2724 renuntiabit
1131 2666 1173 2725 ad

193 2752 331 2810 ultimum
355 2767 454 2825 usque
478 2751 557 2810 diem
580 2748 660 2809 vitae
678 2749 768 2810 stabit
788 2756 912 2823 paratus
931 2756 961 2806 et
980 2748 1008 2807 in
1030 2748 1087 2808 liae
1109 2755 1170 2807 sta-

192 2834 277 2893 tione
292 2835 437 2895 morietur
449 2849 560 2909 magna
574 2849 609 2893 se
625 2834 785 2909 accepisse
799 2849 874 2908 prae
890 2848 925 2893 sa
946 2834 1063 2906 ierem,
1085 2830 1172 2908 paria

191 2915 340 2976 voluisse.

255 2999 306 3057 ill.
328 2999 562 3059 Lacedaemonii
576 3008 678 3059 vetant
689 3016 765 3060 suos
778 3000 934 3074 pancratio
949 3007 1001 3060 aut
1016 3007 1103 3060 cestu
1118 3000 1169 3059 de·
1183 3009 1198 3059 1

190 3096 333 3156 cernere,
353 3082 406 3142 ubi
426 3083 599 3143 inferiorem
622 3084 756 3144 ostendit
769 3084 840 3143 victi
855 3084 1021 3143 confessio.
1062 3099 1170 3142 cursor

191 3174 306 3225 cretam
322 3167 405 3241 prior
419 3165 562 3240 contigit=
598 3168 758 3227 velocitate
772 3166 870 3238 illum,
896 3183 955 3225 non
972 3168 1072 3226 animo
1085 3173 1169 3223 ante-

190 3249 297 3308 cessit.
325 3251 454 3309 luctator
473 3258 520 3310 ter
533 3249 670 3309 abiectus
684 3250 817 3324 perdidit
833 3250 978 3321 palmam,
1002 3265 1061 3308 nou
1077 3248 1168 3306 tradi-

189 3330 244 3390 dit.
278 3348 346 3391 cum
368 3334 498 3392 invictos
520 3349 592 3393 esse
607 3332 841 3392 Lacedaemonii
865 3329 949 3390 cives
966 3347 1042 3391 suos
1057 3346 1167 3403 niagno

189 3415 407 3489 aestimarent,
430 3417 469 3475 ab
482 3415 531 3475 his
550 3415 767 3475 certaminibus
782 3424 992 3485 removerunt,
1009 3416 1038 3473 in
1055 3415 1168 3488 quilius

189 3498 338 3557 victorem
354 3499 426 3559 iacit
439 3516 500 3560 non
515 3500 608 3559 iudex
627 3515 683 3558 nec
701 3516 755 3572 per
770 3515 805 3559 se
820 3499 886 3573 ipse
902 3500 1017 3569 exituS,
1035 3498 1089 3557 sed
1106 3513 1167 3555 vox

189 3581 328 3641 cadentis
343 3589 374 3642 ai
387 3584 506 3643 tradere
521 3583 661 3642 iubentis.
682 3583 749 3642 Hoc
765 3584 848 3656 quod
863 3583 904 3641 illi
919 3584 948 3640 in
966 3582 1083 3640 civibus
1100 3580 1165 3640 suis
1180 3590 1197 3641 2

189 3665 382 3741 custodiunt,
398 3665 494 3727 virtus
510 3682 545 3727 ac
559 3667 641 3728 botta
656 3668 797 3727 voluntas
812 3666 952 3727 omnibus
967 3672 1111 3740 praestat,
1128 3680 1166 3725 ue
