2942 4384
297 492 300 498 -
315 448 376 511 298
601 451 635 508 L.
648 451 801 509 'ANNAEl
824 450 999 509 SENECAE

313 599 551 675 significationes
566 600 632 681 eius
647 599 824 675 praedicent
835 616 955 673 graves.
978 601 1172 661 sciscitantur
1183 604 1286 677 itaque

283 693 342 750 fiet
356 699 544 757 cognoscere
560 685 678 754 volunt,
698 684 869 757 prodigium
885 682 924 743 sit
938 700 976 742 an
990 684 1085 743 sidus.
1120 689 1159 744 At
1170 687 1285 745 meher-

313 768 396 828 cules
418 784 494 827 non
516 767 619 826 aliud
643 767 731 840 quis
754 767 1154 840 autmagniliccntius
1170 786 1284 844 quae-

313 850 424 911 sierit
447 857 510 909 aut
532 850 717 909 didicerit
738 848 875 908 utilius
896 866 1004 923 quam
1023 850 1068 908 de
1085 845 1284 911 stellarum

313 935 560 1007 siderumque
582 942 729 1003 natura,
753 940 853 991 ulrum
873 931 995 991 flammo
1010 940 1178 1009 contracta,
1202 938 1284 1009 quod

312 1024 342 1077 et
363 1018 447 1075 visus
468 1023 573 1075 noster
588 1016 727 1075 adfirmat
741 1024 770 1075 et
784 1016 884 1090 ipsum
899 1016 942 1074 1111Ι
951 1015 1011 1075 illis
1026 1016 1126 1076 fluens
1141 1019 1242 1081 lume'n
1258 1028 1286 1078 et

313 1102 396 1159 calor
416 1100 487 1158 inde
509 1100 717 1170 descendens,
745 1116 781 1158 an
802 1115 863 1159 non
880 1099 939 1158 sint
953 1098 1084 1158 flammei
1099 1101 1206 1172 orbeS,
1231 1098 1285 1160 scd

312 1184 411 1242 solida
433 1183 583 1257 quaedam
608 1190 791 1256 terrenaque
816 1198 960 1256 corpora,
993 1198 1072 1254 quae
1098 1200 1154 1257 per
1178 1186 1285 1257 igneos

313 1273 425 1326 tractus
438 1266 570 1325 labentia
581 1264 651 1324 inde
664 1266 859 1339 splendorem
871 1264 989 1324 trahant
1000 1269 1209 1341 caloremque,
1226 1285 1285 1327 non

284 1351 351 1415 nde
372 1366 429 1408 suo
452 1351 542 1407 clara.
571 1348 600 1406 in
623 1365 682 1421 qua
706 1350 851 1422 opinione
867 1349 968 1421 magui
984 1350 1068 1407 luere
1082 1350 1154 1423 viri,
1178 1352 1231 1424 qui
1247 1352 1283 1410 siv

312 1434 386 1493 dero
408 1432 601 1492 crediderunt
622 1447 660 1491 ex
676 1432 752 1490 duro
769 1439 911 1491 concreta
926 1440 956 1491 et
971 1431 1069 1505 ignem
1085 1432 1217 1491 alienum
1235 1451 1285 1509 pa-

312 1515 437 1575 scentio.
466 1531 556 1586 „nam
572 1530 628 1589 per
645 1531 694 1585 se,
718 1515 871 1589 inquiunt,
892 1514 1014 1573 flamma
1029 1515 1206 1591 diffugeret,
1230 1518 1286 1575 nisi

311 1598 427 1672 aliquid
447 1597 587 1670 haberet,
616 1598 700 1672 quod
721 1604 837 1657 teneret
857 1604 887 1657 et
906 1614 925 1655 a
946 1614 1006 1671 quo
1024 1604 1192 1674 teneretur,
1215 1617 1285 1660 con-

311 1682 526 1755 globatamque
538 1696 595 1740 nec
607 1681 706 1739 stabili
718 1680 842 1740 inditam
851 1682 972 1755 corpori
985 1684 1125 1755 prolecto
1134 1682 1194 1741 iam
1203 1700 1285 1745 mun-

312 1766 370 1824 dus
386 1764 505 1822 turbine
520 1778 577 1821 suo
594 1764 809 1838 dissipasset.“

284 1860 298 1912 l
374 1848 410 1905 ll.
442 1847 498 1904 Ad
531 1846 625 1905 haec
656 1847 933 1921 investiganda
965 1847 1143 1922 proderit
1169 1865 1284 1923 quae-

312 1946 413 2004 rere,
437 1946 519 1989 num
542 1936 711 1990 cometae
733 1930 978 1990 condicionis
1002 1931 1079 1989 sint
1098 1935 1201 2004 [cius],
1224 1948 1284 1992 cu-

312 2014 371 2073 ins
401 2015 615 2087 superiora.
645 2014 785 2074 videntur
806 2015 885 2073 enim
908 2014 1050 2073 cumillis
1067 2016 1283 2087 quaedamha-

312 2098 384 2157 bere
399 2096 585 2169 communia,
608 2104 691 2156 ortus
707 2104 736 2156 et
751 2113 898 2170 occasus,
914 2096 1011 2171 ipsam
1026 2112 1164 2171 quoque,
1181 2115 1284 2173 quam-

313 2181 359 2239 vis
376 2188 537 2254 spargatur
552 2187 581 2240 et
594 2180 714 2253 longius
731 2188 834 2254 exeat,
851 2181 973 2240 faciem:
996 2181 1190 2254 nequeenim
1206 2181 1284 2256 ignei

284 2274 301 2325 2
313 2262 529 2338 splendidique
541 2271 619 2323 sunt.
642 2264 749 2336 ltaque
760 2264 895 2323 siomnia
905 2272 1025 2324 terrena
1035 2263 1136 2323 sidera
1146 2273 1226 2335 sunt,
1238 2265 1284 2323 his

313 2363 437 2423 quoque
450 2347 556 2406 eadem
571 2362 639 2406 sors
652 2347 721 2406 erit:
742 2348 767 2406 si
781 2364 852 2406 vero
865 2347 936 2406 nihil
950 2348 1031 2406 aliud
1045 2354 1116 2407 sunt
1128 2363 1220 2420 quam
1231 2364 1284 2422 pu-

311 2448 364 2491 rus
381 2431 459 2504 ignis
472 2438 655 2506 manentque
667 2430 824 2491 mensibus
836 2432 919 2492 senis
931 2446 1031 2505 neque
1042 2430 1110 2489 illos
1123 2430 1284 2491 conversio

312 2515 415 2574 mundi
428 2514 519 2575 solvil
529 2521 559 2573 et
571 2516 725 2588 velocitas,
737 2516 789 2577 illa
799 2533 923 2591 quoque
936 2519 1066 2592 possunt
1077 2523 1107 2575 et
1118 2518 1201 2576 tenui
1213 2533 1284 2578 con·

312 2608 395 2659 stare
417 2598 540 2657 materia
563 2615 619 2658 nec
640 2599 699 2658 hoc
720 2599 831 2659 discuti
851 2601 981 2660 adsiduo
1000 2600 1077 2659 coeli
1092 2599 1284 2683 circumactu.

283 2683 385 2746 31110
425 2698 578 2757 quoque
617 2684 830 2758 pertinebit
861 2684 931 2743 hoc
964 2684 1215 2757 excussisse,
1248 2693 1286 2743 ut

313 2765 500 2835 sciamus,
541 2773 662 2826 utrum
699 2768 860 2826 mundus
902 2774 1006 2826 terra
1047 2773 1175 2825 stante
1211 2769 1285 2826 cir-

265 2910 269 2917 ,
313 2856 462 2909 cumeat
490 2864 534 2906 an
563 2851 855 2910 mundostentc
877 2857 983 2909 terra
1005 2856 1190 2909 vertatur.
1222 2851 1286 2910 lue

271 2978 277 2989 .
311 2932 489 3003 rumonim,
514 2932 565 3004 qui
581 2932 717 2992 dicerent
732 2949 788 2992 nos
805 2949 891 3006 esse,
908 2951 987 3008 quos
1001 2950 1100 2992 rerum
1116 2940 1224 2993 natura
1235 2950 1285 2993 nc-

313 3014 444 3073 scientes
467 3015 543 3073 ferat
563 3030 619 3073 nec
641 3016 717 3074 coeli
737 3022 822 3076 motu
837 3016 902 3076 lieri
918 3024 1002 3077 ortus
1017 3025 1046 3075 et
1061 3032 1207 3090 occasus,
1230 3018 1286 3076 sed

312 3097 399 3182 ipsos
413 3097 483 3157 oriri
496 3104 526 3156 et
538 3098 693 3157 occidere:
716 3100 869 3173 dignares
881 3100 1150 3174 contemplatione,
1165 3107 1198 3158 ut
1208 3101 1285 3159 scia-

312 3197 396 3253 muS‚
419 3182 448 3239 in
471 3198 532 3254 quo
553 3196 653 3241 rerum
674 3190 754 3242 statu
776 3184 886 3256 simus,
915 3183 1109 3257 pigerrimum
1130 3184 1227 3243 sortiti
1249 3198 1287 3241 au

311 3264 536 3324 velocissimam
558 3266 677 3336 sedem,
699 3267 780 3325 circa
800 3283 858 3326 nos
873 3267 949 3325 deus
966 3267 1067 3326 omnia
1081 3282 1119 3325 an
1134 3282 1192 3325 nos
1208 3275 1287 3339 agat.

285 3356 300 3408 1
376 3348 425 3406 Ill.
452 3349 664 3408 Necessarium
687 3357 848 3409 astantem
864 3357 982 3409 veteres
1000 3357 1085 3409 ortus
1101 3355 1286 3408 cometarum

312 3430 425 3490 habero
445 3432 599 3491 collectos.
629 3433 818 3505 deprehendi
834 3434 913 3491 enim
929 3440 1054 3507 propter
1066 3434 1219 3492 raritatem
1235 3448 1287 3492 eo-

311 3530 377 3573 rum
393 3530 501 3573 cursus
517 3514 616 3573 adhuc
632 3531 692 3573 non
708 3523 810 3589 potest
822 3532 878 3575 nec
889 3517 1057 3590 explorari,
1073 3532 1111 3574 an
1124 3517 1210 3575 vices
1222 3532 1287 3575 ser·

284 3604 383 3656 avem
403 3605 433 3655 et
452 3598 520 3657 illos
543 3600 581 3657 ad
598 3614 685 3657 suum
701 3599 780 3657 diem
796 3606 897 3659 certus
912 3599 988 3659 ordo
1004 3600 1164 3673 producat.
1199 3598 1288 3659 Nova

311 3678 388 3738 haec
414 3679 591 3740 coelestium
617 3681 791 3743 observatio
816 3689 864 3743 est
890 3688 921 3742 et
944 3698 1043 3758 nuper
1066 3682 1104 3742 in
1127 3682 1287 3743 Graeciam
