2942 4384
382 477 523 541 NATUR.
538 477 701 553 QUAEST.
721 477 794 538 LlB.
806 476 843 537 11.
864 482 998 540 lli-54.
1116 476 1179 542 20⁷

199 634 291 711 digit,
314 633 387 709 quia
400 633 480 692 viam
496 648 552 707 per
566 631 617 690 illa
630 645 762 690 necesse
776 636 823 689 est
838 629 943 703 inpetu
959 638 1099 704 quaeram
1123 630 1177 691 ita-

200 734 261 795 que
272 718 359 791 iacit,
377 732 438 791 qua
449 716 583 789 effugiat.
604 714 717 773 teneris
730 722 760 773 ει
770 712 936 772 rarioribus
950 714 1053 787 parcit,
1070 730 1174 788 quam-

200 818 291 877 quam
308 798 438 860 flammis
453 805 627 873 opportuna
638 798 806 868 videantur,
826 795 896 871 quia
909 797 1037 857 transitu
1053 803 1175 870 patente

198 886 299 943 minus
313 884 504 943 obstaculum
520 879 642 940 invenit.
663 880 772 940 loculis
787 880 890 953 itaque
902 877 1042 953 integris,
1057 886 1091 939 ut
1102 880 1173 953 dixi,

198 966 344 1043 pecunia,
369 980 449 1040 quae
469 966 498 1023 in
517 965 564 1023 his
581 964 650 1037 fuit,
673 962 806 1023 conflata
820 963 984 1036 reperitur,
1008 962 1080 1038 quia
1095 962 1174 1037 ignis

198 1049 396 1110 tenuissimus
421 1064 478 1127 per
501 1046 649 1108 foramina
669 1048 789 1107 occulta
811 1046 997 1105 transcurrit.
1027 1046 1174 1121 quicquid

199 1139 299 1193 autem
315 1132 345 1191 in
359 1133 442 1205 tigno
458 1131 588 1192 solidum
604 1129 719 1190 invenit
734 1137 764 1189 et
779 1119 958 1201 contumuit,
973 1130 1075 1189 vincit.
1109 1131 1174 1190 Non
1187 1137 1204 1190 a

198 1223 300 1276 autem
320 1232 399 1286 uno,
429 1222 461 1274 ut
481 1214 559 1285 dixi,
588 1213 679 1274 modo
701 1212 812 1284 saevit,
835 1212 892 1271 sed
914 1212 987 1286 quid
1012 1229 1174 1286 quaecum-

199 1314 261 1372 que
281 1297 329 1357 vis
351 1298 470 1369 iecerit,
493 1314 531 1355 ex
553 1297 622 1370 ipso
640 1311 752 1370 genere
768 1296 894 1355 iniuriae
909 1295 1059 1369 intellegis
1075 1304 1105 1354 et
1120 1298 1173 1355 ful-

198 1397 269 1440 men
291 1396 386 1456 opere
410 1380 584 1453 cognoscis.
607 1380 757 1438 interdum
775 1378 803 1436 in
820 1379 927 1438 eadem
942 1379 1068 1438 materia
1082 1382 1175 1438 multa

199 1464 324 1524 diversa
344 1463 481 1522 eiusdem
502 1464 548 1523 vis
570 1462 702 1522 fulminis
720 1463 805 1535 facit,
828 1463 905 1521 sicut
919 1461 948 1521 in
965 1463 1074 1523 arbore
1089 1463 1174 1537 quod

197 1548 420 1619 aridissimum,
442 1547 514 1622 urit,
536 1547 620 1621 quod
632 1546 849 1605 solidissimum
864 1555 895 1605 et
908 1544 1101 1606 durissimum
1117 1555 1173 1620 est,

197 1630 331 1689 terebrat
345 1638 374 1690 et
395 1631 520 1703 frangit,
544 1645 679 1689 summos
701 1629 830 1689 cortices
846 1628 990 1703 dissipat,
1013 1628 1174 1690 interiores
1223 1645 1228 1649 ·
1295 1612 1298 1615 ’

198 1713 295 1772 libros
309 1713 351 1785 [in
368 1720 453 1787 parte
468 1713 619 1772 interioris
634 1713 764 1791 arboris]
780 1714 892 1787 rumpit
907 1729 943 1772 ac
958 1713 1082 1784 scindit,
1100 1715 1173 1773 folia

197 1795 356 1871 pertundit
368 1812 405 1855 ac
420 1795 545 1871 stringit.
569 1796 669 1854 viuum
683 1796 778 1869 gelat,
796 1797 905 1854 ferrum
918 1803 948 1854 et
959 1812 1012 1855 aes
1026 1797 1130 1858 fundit.

259 1878 335 1938 Llll.
362 1880 438 1937 lllud
460 1886 507 1939 est
527 1880 650 1951 mirum,
674 1879 757 1952 quod
772 1879 874 1938 vinum
895 1879 1018 1937 fulmine
1032 1882 1200 1953 gelatum,1

198 1977 269 2022 cum
290 1962 331 2020 cd
351 1961 482 2035 priorem
504 1962 636 2021 habitum
654 1962 747 2033 redit,
770 1968 873 2035 potum
891 1970 942 2020 aut
957 1964 1108 2022 exanimat
1122 1970 1175 2023 aut

199 2045 357 2105 dementes
374 2045 454 2103 facit.
491 2045 589 2117 Quare
604 2045 635 2103 id
651 2045 770 2103 accidat
785 2045 940 2118 quaerenti
953 2045 1024 2102 mibi
1036 2046 1109 2104 illud
1122 2060 1172 2105 oc·

199 2128 306 2187 currit:
335 2126 415 2187 inest
434 2127 618 2211 vislfulmini
639 2128 792 2202 pestifera.
821 2143 860 2186 ex
874 2128 933 2186 hoc
948 2143 1105 2187 remanere
1119 2129 1172 2186 ali-

199 2227 289 2285 quem
305 2212 444 2284 spiritum
460 2212 489 2270 in
506 2227 543 2271 eo
555 2211 697 2280 humore,
715 2225 805 2285 quem
818 2212 918 2284 coegit
928 2212 1172 2286 congelavitque,

198 2291 362 2354 verisimile
376 2302 432 2353 εει.
459 2310 517 2353 nec
535 2295 613 2353 enim
630 2293 758 2368 adligari
779 2296 944 2368 potuisset,
967 2295 1026 2354 nisi
1047 2295 1171 2369 aliquod

197 2378 239 2437 illi
260 2384 345 2436 esset
366 2377 499 2436 additum
521 2379 681 2436 vinculum.
723 2377 885 2437 Praeterea
910 2377 970 2438 olei
997 2393 1120 2453 quoque
1145 2385 1202 2439 eti

197 2461 298 2521 omnis
320 2463 467 2533 unguenti
488 2468 564 2520 teter
585 2468 655 2535 post
676 2462 787 2519 fulmen
809 2462 887 2521 odor
906 2469 962 2521 εει.
988 2477 1028 2519 ex
1043 2478 1104 2536 quo
1120 2462 1172 2521 ad·

198 2552 286 2618 paret
301 2544 404 2602 inesse
419 2545 579 2617 quamdam
595 2543 794 2603 subtilissimo
807 2542 867 2618 igni
879 2550 909 2601 et
921 2551 1023 2603 contra
1035 2552 1172 2603 naturam

197 2635 267 2687 acto
286 2627 476 2700 pestilentem
492 2627 672 2701 potentiam,
696 2642 757 2699 quo
773 2643 832 2685 non
850 2625 910 2685 icta
925 2632 1037 2685 tantum
1053 2628 1170 2697 cadant,

197 2710 253 2769 sed
275 2709 399 2769 adflata.
439 2701 600 2770 Pr'aeterea
621 2725 815 2783 quocumque
834 2709 948 2767 decidit
971 2709 1102 2780 fulmen,
1131 2709 1171 2768 ibi

197 2794 327 2853 odorem
347 2807 419 2853 esse
440 2794 596 2868 sulphuris
619 2801 732 2852 certum
753 2798 815 2864 est,
839 2792 891 2867 qui
907 2792 978 2867 quia
998 2794 1099 2866 gravis
1115 2799 1170 2862 est,

196 2876 324 2951 saepius
346 2874 474 2935 haustus
496 2878 615 2936 alienat.
658 2876 720 2935 Sed
742 2877 781 2935 ad
801 2876 861 2937 hoc
875 2876 963 2935 vacui
977 2885 1200 2939 revertamur.3

195 2960 331 3019 fortasse
352 2961 431 3018 enim
453 2958 556 3019 libebit
576 2961 757 3034 ostendere,
778 2977 868 3035 quam
885 2961 986 3020 omnia
1000 2961 1058 3019 ista
1073 2977 1091 3019 a
1106 2959 1170 3034 plri-

194 3041 341 3120 losophia
353 3054 478 3116 parente
490 3044 595 3101 artium
607 3042 818 3103 defluxerunt:
840 3044 891 3102 illa
903 3045 1030 3117 primum
1041 3051 1170 3117 etquae-

195 3124 269 3183 sivit
283 3140 393 3184 causas
408 3141 508 3186 rerum
524 3133 554 3185 ει
568 3126 743 3186 observavit
758 3127 886 3185 effectus
903 3132 947 3197 et,
971 3127 1053 3199 quod
1069 3126 1098 3183 in
1115 3126 1168 3182 ful·
1217 3179 1219 3182 ,

193 3207 286 3267 minis
308 3206 499 3283 inspectione
518 3212 610 3285 longe
631 3210 739 3269 melius
756 3216 817 3281 est,
840 3207 932 3267 initiis
951 3223 1052 3267 rerum
1070 3208 1169 3267 exitus

194 3289 332 3350 contulit.
825 3318 830 3331 ·

259 3373 336 3432 LlV.
362 3374 466 3436 Nunc
495 3376 540 3435 ad
566 3373 788 3450 opinionem
809 3371 1016 3433 Posidonii
1036 3386 1197 3437 rever-1

192 3464 272 3516 tor:
301 3472 319 3515 ε
339 3464 421 3518 terra
441 3460 633 3534 terrenisque
654 3458 795 3518 omnibus
810 3474 883 3532 pars
898 3456 1023 3518 humida
1039 3455 1168 3529 efflatur,

193 3556 271 3615 pars
292 3540 375 3602 sicca
390 3549 420 3601 et
440 3541 555 3602 fumida
570 3547 745 3615 [remanens
766 3542 843 3601 haec
857 3540 1031 3615 fulminibus
1046 3540 1169 3597 alimen·

192 3632 258 3685 tum
274 3629 336 3696 est,
358 3626 409 3685 illa
423 3624 580 3685 imbribus.
617 3624 768 3699 Quicquid
783 3626 812 3685 in
825 3628 897 3684 aera
909 3624 983 3684 sicci
996 3622 1169 3697 famosique

194 3705 351 3782 pervenit,
380 3707 412 3768 id
432 3707 548 3769 includi
568 3725 603 3768 se
624 3709 779 3787 [nubibus]
800 3726 861 3769 non
882 3710 953 3784 fert,
981 3707 1036 3768 sed
1057 3706 1170 3782 rumpit
