<?xml version="1.0" encoding="UTF-8"?>
<!DOCTYPE html PUBLIC "-//W3C//DTD XHTML 1.0 Transitional//EN"
    "http://www.w3.org/TR/xhtml1/DTD/xhtml1-transitional.dtd">
<html xmlns="http://www.w3.org/1999/xhtml" xml:lang="en" lang="en">
 <head>
  <title>
</title>
<meta http-equiv="Content-Type" content="text/html;charset=utf-8" />
  <meta name='ocr-system' content='tesseract 3.04.00' />
  <meta name='ocr-capabilities' content='ocr_page ocr_carea ocr_par ocr_line ocrx_word'/>
</head>
<body>
  <div class='ocr_page' id='page_1' title='image "./lannaeisenecaeo07senegoog_0158.png"; bbox 0 0 2942 4384; ppageno 0'>
   <div class='ocr_carea' id='block_1_1' title="bbox 330 422 1002 501">
    <p class='ocr_par' dir='ltr' id='par_1_1' title="bbox 330 422 1002 501">
     <span class='ocr_line' id='line_1_1' title="bbox 330 422 1002 501; baseline -0.013 0"><span class='ocrx_word' id='word_1_1' title='bbox 330 436 393 501; x_wconf 79' lang='lat' dir='ltr'><strong>lto</strong></span> <span class='ocrx_word' id='word_1_2' title='bbox 603 434 638 495; x_wconf 92' lang='lat' dir='ltr'><strong>L.</strong></span> <span class='ocrx_word' id='word_1_3' title='bbox 660 422 807 494; x_wconf 85' lang='lat' dir='ltr'><strong>ANNAEI</strong></span> <span class='ocrx_word' id='word_1_4' title='bbox 827 433 1002 494; x_wconf 75' lang='lat' dir='ltr'>SENECAE</span> 
     </span>
    </p>
   </div>
   <div class='ocr_carea' id='block_1_2' title="bbox 286 585 1307 3833">
    <p class='ocr_par' dir='ltr' id='par_1_2' title="bbox 330 585 1304 747">
     <span class='ocr_line' id='line_1_2' title="bbox 331 585 1304 665; baseline 0.001 -15"><span class='ocrx_word' id='word_1_5' title='bbox 331 591 383 665; x_wconf 89' lang='lat' dir='ltr'><strong>qui</strong></span> <span class='ocrx_word' id='word_1_6' title='bbox 402 589 588 649; x_wconf 84' lang='lat' dir='ltr'><strong>voluntatem</strong></span> <span class='ocrx_word' id='word_1_7' title='bbox 607 586 719 646; x_wconf 90' lang='lat' dir='ltr'><strong>bonam</strong></span> <span class='ocrx_word' id='word_1_8' title='bbox 740 585 770 644; x_wconf 96' lang='lat' dir='ltr'><strong>in</strong></span> <span class='ocrx_word' id='word_1_9' title='bbox 791 586 924 646; x_wconf 88' lang='lat' dir='ltr'><strong>solutum</strong></span> <span class='ocrx_word' id='word_1_10' title='bbox 944 586 1078 662; x_wconf 86' lang='lat' dir='ltr'><strong>accepit,</strong></span> <span class='ocrx_word' id='word_1_11' title='bbox 1106 602 1145 647; x_wconf 87' lang='lat' dir='ltr'><strong>eo</strong></span> <span class='ocrx_word' id='word_1_12' title='bbox 1169 588 1304 651; x_wconf 78' lang='lat' dir='ltr'><strong>libentius</strong></span> 
     </span>
     <span class='ocr_line' id='line_1_3' title="bbox 330 668 1304 747; baseline 0.002 -15"><span class='ocrx_word' id='word_1_13' title='bbox 330 674 440 746; x_wconf 90' lang='lat' dir='ltr'><strong>debes,</strong></span> <span class='ocrx_word' id='word_1_14' title='bbox 461 673 533 747; x_wconf 86' lang='lat' dir='ltr'><strong>quia</strong></span> <span class='ocrx_word' id='word_1_15' title='bbox 553 670 720 733; x_wconf 87' lang='lat' dir='ltr'><strong>dimitteris.</strong></span> <span class='ocrx_word' id='word_1_16' title='bbox 743 668 926 744; x_wconf 88' lang='lat' dir='ltr'><strong>nonrapias</strong></span> <span class='ocrx_word' id='word_1_17' title='bbox 945 668 1006 730; x_wconf 90' lang='lat' dir='ltr'><strong>hoc</strong></span> <span class='ocrx_word' id='word_1_18' title='bbox 1026 685 1083 729; x_wconf 90' lang='lat' dir='ltr'><strong>nec</strong></span> <span class='ocrx_word' id='word_1_19' title='bbox 1099 673 1235 734; x_wconf 78' lang='lat' dir='ltr'><strong>testeris.</strong></span> <span class='ocrx_word' id='word_1_20' title='bbox 1259 690 1304 734; x_wconf 92' lang='lat' dir='ltr'><strong>oc·</strong></span> 
     </span>
    </p>

    <p class='ocr_par' dir='ltr' id='par_1_3' title="bbox 296 751 1304 1411">
     <span class='ocr_line' id='line_1_4' title="bbox 296 751 1304 831; baseline 0.008 -22"><span class='ocrx_word' id='word_1_21' title='bbox 296 757 470 816; x_wconf 76' lang='lat' dir='ltr'><strong>ocasiones</strong></span> <span class='ocrx_word' id='word_1_22' title='bbox 487 754 636 812; x_wconf 88' lang='lat' dir='ltr'><strong>reddendi</strong></span> <span class='ocrx_word' id='word_1_23' title='bbox 654 751 848 812; x_wconf 85' lang='lat' dir='ltr'><strong>nihilominus</strong></span> <span class='ocrx_word' id='word_1_24' title='bbox 865 768 1006 828; x_wconf 81' lang='lat' dir='ltr'><strong>quaeras.</strong></span> <span class='ocrx_word' id='word_1_25' title='bbox 1040 754 1150 815; x_wconf 88' lang='lat' dir='ltr'><strong>Redde</strong></span> <span class='ocrx_word' id='word_1_26' title='bbox 1165 756 1222 828; x_wconf 88' lang='lat' dir='ltr'><strong>iiii,</strong></span> <span class='ocrx_word' id='word_1_27' title='bbox 1239 759 1304 831; x_wconf 84' lang='lat' dir='ltr'><strong>quia</strong></span> 
     </span>
     <span class='ocr_line' id='line_1_5' title="bbox 326 836 1304 916; baseline 0.002 -18"><span class='ocrx_word' id='word_1_28' title='bbox 326 839 450 914; x_wconf 89' lang='lat' dir='ltr'><strong>repetit,</strong></span> <span class='ocrx_word' id='word_1_29' title='bbox 471 838 556 907; x_wconf 89' lang='lat' dir='ltr'><strong>huic,</strong></span> <span class='ocrx_word' id='word_1_30' title='bbox 581 837 653 911; x_wconf 88' lang='lat' dir='ltr'><strong>quia</strong></span> <span class='ocrx_word' id='word_1_31' title='bbox 674 837 804 895; x_wconf 90' lang='lat' dir='ltr'><strong>remittit.</strong></span> <span class='ocrx_word' id='word_1_32' title='bbox 827 836 882 907; x_wconf 87' lang='lat' dir='ltr'><strong>itti,</strong></span> <span class='ocrx_word' id='word_1_33' title='bbox 909 836 980 910; x_wconf 82' lang='lat' dir='ltr'><strong>quia</strong></span> <span class='ocrx_word' id='word_1_34' title='bbox 993 840 1103 911; x_wconf 82' lang='lat' dir='ltr'><strong>molus,</strong></span> <span class='ocrx_word' id='word_1_35' title='bbox 1124 838 1214 912; x_wconf 91' lang='lat' dir='ltr'><strong>huic,</strong></span> <span class='ocrx_word' id='word_1_36' title='bbox 1237 840 1304 916; x_wconf 84' lang='lat' dir='ltr'><strong>quia</strong></span> 
     </span>
     <span class='ocr_line' id='line_1_6' title="bbox 324 920 1303 997; baseline 0.002 -14"><span class='ocrx_word' id='word_1_37' title='bbox 324 939 383 983; x_wconf 86' lang='lat' dir='ltr'><strong>non</strong></span> <span class='ocrx_word' id='word_1_38' title='bbox 403 926 509 981; x_wconf 86' lang='lat' dir='ltr'><strong>mulus.</strong></span> <span class='ocrx_word' id='word_1_39' title='bbox 535 920 671 992; x_wconf 85' lang='lat' dir='ltr'><strong>ideoque</strong></span> <span class='ocrx_word' id='word_1_40' title='bbox 686 936 747 979; x_wconf 90' lang='lat' dir='ltr'><strong>non</strong></span> <span class='ocrx_word' id='word_1_41' title='bbox 765 926 826 993; x_wconf 92' lang='lat' dir='ltr'><strong>est,</strong></span> <span class='ocrx_word' id='word_1_42' title='bbox 849 920 933 994; x_wconf 89' lang='lat' dir='ltr'><strong>quod</strong></span> <span class='ocrx_word' id='word_1_43' title='bbox 954 920 991 978; x_wconf 87' lang='lat' dir='ltr'><strong>ad</strong></span> <span class='ocrx_word' id='word_1_44' title='bbox 1015 928 1043 979; x_wconf 92' lang='lat' dir='ltr'><strong>te</strong></span> <span class='ocrx_word' id='word_1_45' title='bbox 1057 920 1136 980; x_wconf 89' lang='lat' dir='ltr'><strong>hanc</strong></span> <span class='ocrx_word' id='word_1_46' title='bbox 1153 924 1303 997; x_wconf 88' lang='lat' dir='ltr'><strong>quaestio-</strong></span> 
     </span>
     <span class='ocr_line' id='line_1_7' title="bbox 325 1003 1303 1081; baseline 0.003 -17"><span class='ocrx_word' id='word_1_47' title='bbox 325 1023 395 1065; x_wconf 86' lang='lat' dir='ltr'><strong>nem</strong></span> <span class='ocrx_word' id='word_1_48' title='bbox 417 1004 534 1063; x_wconf 92' lang='lat' dir='ltr'><strong>iudices</strong></span> <span class='ocrx_word' id='word_1_49' title='bbox 556 1003 706 1076; x_wconf 91' lang='lat' dir='ltr'><strong>pertinere</strong></span> <span class='ocrx_word' id='word_1_50' title='bbox 729 1020 788 1075; x_wconf 87' lang='lat' dir='ltr'><strong>an,</strong></span> <span class='ocrx_word' id='word_1_51' title='bbox 810 1003 913 1077; x_wconf 85' lang='lat' dir='ltr'><strong>quod</strong></span> <span class='ocrx_word' id='word_1_52' title='bbox 936 1003 1168 1064; x_wconf 86' lang='lat' dir='ltr'><strong>benefictum</strong></span> <span class='ocrx_word' id='word_1_53' title='bbox 1185 1008 1303 1081; x_wconf 90' lang='lat' dir='ltr'><strong>quisa</strong></span> 
     </span>
     <span class='ocr_line' id='line_1_8' title="bbox 324 1085 1302 1161; baseline 0.002 -13"><span class='ocrx_word' id='word_1_54' title='bbox 324 1085 1302 1161; x_wconf 87' lang='lat' dir='ltr'><strong>sapienteacceperit,redderedebeat,siiiiede-</strong></span> 
     </span>
     <span class='ocr_line' id='line_1_9' title="bbox 324 1168 1301 1242; baseline 0.003 -11"><span class='ocrx_word' id='word_1_55' title='bbox 324 1170 392 1231; x_wconf 90' lang='lat' dir='ltr'><strong>siit</strong></span> <span class='ocrx_word' id='word_1_56' title='bbox 413 1168 774 1242; x_wconf 81' lang='lat' dir='ltr'><strong>essesapIensetin</strong></span> <span class='ocrx_word' id='word_1_57' title='bbox 791 1172 923 1228; x_wconf 89' lang='lat' dir='ltr'><strong>maium</strong></span> <span class='ocrx_word' id='word_1_58' title='bbox 943 1179 1167 1231; x_wconf 89' lang='lat' dir='ltr'><strong>versusest.</strong></span> <span class='ocrx_word' id='word_1_59' title='bbox 1195 1174 1301 1233; x_wconf 78' lang='lat' dir='ltr'><strong>redde</strong></span> 
     </span>
     <span class='ocr_line' id='line_1_10' title="bbox 323 1252 1302 1327; baseline 0.003 -14"><span class='ocrx_word' id='word_1_60' title='bbox 323 1270 373 1313; x_wconf 91' lang='lat' dir='ltr'><strong>res</strong></span> <span class='ocrx_word' id='word_1_61' title='bbox 390 1255 467 1313; x_wconf 90' lang='lat' dir='ltr'><strong>enim</strong></span> <span class='ocrx_word' id='word_1_62' title='bbox 484 1259 514 1312; x_wconf 91' lang='lat' dir='ltr'><strong>et</strong></span> <span class='ocrx_word' id='word_1_63' title='bbox 529 1252 711 1327; x_wconf 89' lang='lat' dir='ltr'><strong>depositum,</strong></span> <span class='ocrx_word' id='word_1_64' title='bbox 729 1254 811 1327; x_wconf 93' lang='lat' dir='ltr'><strong>quod</strong></span> <span class='ocrx_word' id='word_1_65' title='bbox 824 1270 842 1311; x_wconf 93' lang='lat' dir='ltr'><strong>a</strong></span> <span class='ocrx_word' id='word_1_66' title='bbox 853 1253 991 1326; x_wconf 74' lang='lat' dir='ltr'><strong>sapiente</strong></span> <span class='ocrx_word' id='word_1_67' title='bbox 1003 1254 1191 1327; x_wconf 84' lang='lat' dir='ltr'><strong>accepisses.</strong></span> <span class='ocrx_word' id='word_1_68' title='bbox 1216 1258 1302 1316; x_wconf 88' lang='lat' dir='ltr'><strong>etiam</strong></span> 
     </span>
     <span class='ocr_line' id='line_1_11' title="bbox 322 1336 1303 1411; baseline 0.003 -15"><span class='ocrx_word' id='word_1_69' title='bbox 322 1338 402 1397; x_wconf 92' lang='lat' dir='ltr'><strong>malo</strong></span> <span class='ocrx_word' id='word_1_70' title='bbox 417 1337 564 1397; x_wconf 85' lang='lat' dir='ltr'><strong>redderes</strong></span> <span class='ocrx_word' id='word_1_71' title='bbox 580 1336 740 1395; x_wconf 80' lang='lat' dir='ltr'><strong>creditum:</strong></span> <span class='ocrx_word' id='word_1_72' title='bbox 763 1337 836 1411; x_wconf 84' lang='lat' dir='ltr'><strong>quid</strong></span> <span class='ocrx_word' id='word_1_73' title='bbox 851 1343 899 1396; x_wconf 93' lang='lat' dir='ltr'><strong>est</strong></span> <span class='ocrx_word' id='word_1_74' title='bbox 913 1352 967 1394; x_wconf 90' lang='lat' dir='ltr'><strong>cur</strong></span> <span class='ocrx_word' id='word_1_75' title='bbox 982 1352 1041 1395; x_wconf 93' lang='lat' dir='ltr'><strong>non</strong></span> <span class='ocrx_word' id='word_1_76' title='bbox 1058 1343 1088 1396; x_wconf 92' lang='lat' dir='ltr'><strong>et</strong></span> <span class='ocrx_word' id='word_1_77' title='bbox 1101 1338 1303 1399; x_wconf 69' lang='lat' dir='ltr'><strong>beneficium?</strong></span> 
     </span>
    </p>

    <p class='ocr_par' dir='ltr' id='par_1_4' title="bbox 291 1418 1302 1730">
     <span class='ocr_line' id='line_1_12' title="bbox 291 1418 1302 1496; baseline 0.004 -17"><span class='ocrx_word' id='word_1_78' title='bbox 291 1422 395 1496; x_wconf 83' lang='lat' dir='ltr'><strong>tiquia</strong></span> <span class='ocrx_word' id='word_1_79' title='bbox 410 1428 539 1480; x_wconf 88' lang='lat' dir='ltr'><strong>mutatus</strong></span> <span class='ocrx_word' id='word_1_80' title='bbox 561 1428 608 1479; x_wconf 90' lang='lat' dir='ltr'><strong>est</strong></span> <span class='ocrx_word' id='word_1_81' title='bbox 627 1419 691 1492; x_wconf 90' lang='lat' dir='ltr'><strong>iiie,</strong></span> <span class='ocrx_word' id='word_1_82' title='bbox 714 1426 743 1478; x_wconf 91' lang='lat' dir='ltr'><strong>te</strong></span> <span class='ocrx_word' id='word_1_83' title='bbox 764 1426 877 1479; x_wconf 73' lang='lat' dir='ltr'><strong>mutat?</strong></span> <span class='ocrx_word' id='word_1_84' title='bbox 914 1418 1013 1491; x_wconf 78' lang='lat' dir='ltr'><strong>putor</strong></span> <span class='ocrx_word' id='word_1_85' title='bbox 1043 1420 1069 1479; x_wconf 94' lang='lat' dir='ltr'><strong>si</strong></span> <span class='ocrx_word' id='word_1_86' title='bbox 1092 1422 1167 1494; x_wconf 85' lang='lat' dir='ltr'><strong>quid</strong></span> <span class='ocrx_word' id='word_1_87' title='bbox 1188 1438 1209 1481; x_wconf 84' lang='lat' dir='ltr'><strong>a</strong></span> <span class='ocrx_word' id='word_1_88' title='bbox 1228 1438 1302 1483; x_wconf 87' lang='lat' dir='ltr'><strong>sano</strong></span> 
     </span>
     <span class='ocr_line' id='line_1_13' title="bbox 323 1503 1302 1579; baseline 0.001 -16"><span class='ocrx_word' id='word_1_89' title='bbox 323 1503 515 1578; x_wconf 78' lang='lat' dir='ltr'><strong>accepisseS,</strong></span> <span class='ocrx_word' id='word_1_90' title='bbox 538 1518 630 1576; x_wconf 79' lang='lat' dir='ltr'><strong>aegro</strong></span> <span class='ocrx_word' id='word_1_91' title='bbox 652 1519 714 1561; x_wconf 93' lang='lat' dir='ltr'><strong>non</strong></span> <span class='ocrx_word' id='word_1_92' title='bbox 728 1504 892 1575; x_wconf 85' lang='lat' dir='ltr'><strong>redderes,</strong></span> <span class='ocrx_word' id='word_1_93' title='bbox 913 1517 981 1561; x_wconf 83' lang='lat' dir='ltr'><strong>cum</strong></span> <span class='ocrx_word' id='word_1_94' title='bbox 999 1504 1066 1577; x_wconf 91' lang='lat' dir='ltr'><strong>pius</strong></span> <span class='ocrx_word' id='word_1_95' title='bbox 1082 1520 1208 1579; x_wconf 87' lang='lat' dir='ltr'><strong>semper</strong></span> <span class='ocrx_word' id='word_1_96' title='bbox 1222 1505 1302 1565; x_wconf 78' lang='lat' dir='ltr'><strong>Inbe-</strong></span> 
     </span>
     <span class='ocr_line' id='line_1_14' title="bbox 322 1585 1301 1662; baseline 0.001 -16"><span class='ocrx_word' id='word_1_97' title='bbox 322 1586 390 1646; x_wconf 91' lang='lat' dir='ltr'><strong>ciilo</strong></span> <span class='ocrx_word' id='word_1_98' title='bbox 404 1587 501 1645; x_wconf 90' lang='lat' dir='ltr'><strong>amico</strong></span> <span class='ocrx_word' id='word_1_99' title='bbox 517 1585 704 1644; x_wconf 81' lang='lat' dir='ltr'><strong>debeamusr</strong></span> <span class='ocrx_word' id='word_1_100' title='bbox 726 1593 756 1646; x_wconf 89' lang='lat' dir='ltr'><strong>et</strong></span> <span class='ocrx_word' id='word_1_101' title='bbox 768 1586 818 1645; x_wconf 90' lang='lat' dir='ltr'><strong>bic</strong></span> <span class='ocrx_word' id='word_1_102' title='bbox 832 1601 925 1659; x_wconf 78' lang='lat' dir='ltr'><strong>aeger</strong></span> <span class='ocrx_word' id='word_1_103' title='bbox 939 1593 986 1646; x_wconf 93' lang='lat' dir='ltr'><strong>est</strong></span> <span class='ocrx_word' id='word_1_104' title='bbox 996 1586 1111 1646; x_wconf 79' lang='lat' dir='ltr'><strong>animo:</strong></span> <span class='ocrx_word' id='word_1_105' title='bbox 1132 1589 1301 1662; x_wconf 87' lang='lat' dir='ltr'><strong>adiuvetur,</strong></span> 
     </span>
     <span class='ocr_line' id='line_1_15' title="bbox 322 1667 906 1730; baseline -0.003 -2"><span class='ocrx_word' id='word_1_106' title='bbox 322 1672 443 1728; x_wconf 85' lang='lat' dir='ltr'><strong>feratur.</strong></span> <span class='ocrx_word' id='word_1_107' title='bbox 467 1667 591 1727; x_wconf 85' lang='lat' dir='ltr'><strong>stultitia</strong></span> <span class='ocrx_word' id='word_1_108' title='bbox 604 1669 728 1728; x_wconf 86' lang='lat' dir='ltr'><strong>morbus</strong></span> <span class='ocrx_word' id='word_1_109' title='bbox 744 1678 791 1730; x_wconf 90' lang='lat' dir='ltr'><strong>est</strong></span> <span class='ocrx_word' id='word_1_110' title='bbox 805 1669 906 1729; x_wconf 87' lang='lat' dir='ltr'><strong>animi.</strong></span> 
     </span>
    </p>

    <p class='ocr_par' dir='ltr' id='par_1_5' title="bbox 291 1750 1307 2081">
     <span class='ocr_line' id='line_1_16' title="bbox 291 1750 1307 1834; baseline 0.006 -24"><span class='ocrx_word' id='word_1_111' title='bbox 291 1759 307 1810; x_wconf 91' lang='lat'>1</span> <span class='ocrx_word' id='word_1_112' title='bbox 386 1753 478 1811; x_wconf 91' lang='lat' dir='ltr'><strong>XVII.</strong></span> <span class='ocrx_word' id='word_1_113' title='bbox 495 1750 747 1824; x_wconf 76' lang='lat' dir='ltr'><strong>Distinguendum</strong></span> <span class='ocrx_word' id='word_1_114' title='bbox 760 1753 827 1826; x_wconf 89' lang='lat' dir='ltr'><strong>boc,</strong></span> <span class='ocrx_word' id='word_1_115' title='bbox 844 1771 904 1827; x_wconf 86' lang='lat' dir='ltr'><strong>quo</strong></span> <span class='ocrx_word' id='word_1_116' title='bbox 914 1751 1011 1826; x_wconf 76' lang='lat' dir='ltr'><strong>magis</strong></span> <span class='ocrx_word' id='word_1_117' title='bbox 1023 1753 1224 1831; x_wconf 80' lang='lat' dir='ltr'><strong>intellegatur,</strong></span> <span class='ocrx_word' id='word_1_118' title='bbox 1241 1758 1307 1834; x_wconf 56' lang='lat' dir='ltr'><strong>cxi,</strong></span> 
     </span>
     <span class='ocr_line' id='line_1_17' title="bbox 324 1835 1302 1915; baseline 0.006 -22"><span class='ocrx_word' id='word_1_119' title='bbox 324 1835 423 1910; x_wconf 89' lang='lat' dir='ltr'><strong>stimo.</strong></span> <span class='ocrx_word' id='word_1_120' title='bbox 450 1837 517 1894; x_wconf 89' lang='lat' dir='ltr'><strong>Duo</strong></span> <span class='ocrx_word' id='word_1_121' title='bbox 538 1841 608 1895; x_wconf 89' lang='lat' dir='ltr'><strong>sunt</strong></span> <span class='ocrx_word' id='word_1_122' title='bbox 622 1836 787 1895; x_wconf 80' lang='lat' dir='ltr'><strong>beneficia=</strong></span> <span class='ocrx_word' id='word_1_123' title='bbox 808 1854 899 1896; x_wconf 92' lang='lat' dir='ltr'><strong>unum</strong></span> <span class='ocrx_word' id='word_1_124' title='bbox 916 1838 1000 1909; x_wconf 90' lang='lat' dir='ltr'><strong>quod</strong></span> <span class='ocrx_word' id='word_1_125' title='bbox 1016 1837 1087 1895; x_wconf 93' lang='lat' dir='ltr'><strong>dare</strong></span> <span class='ocrx_word' id='word_1_126' title='bbox 1103 1840 1161 1897; x_wconf 92' lang='lat' dir='ltr'><strong>nisi</strong></span> <span class='ocrx_word' id='word_1_127' title='bbox 1176 1841 1302 1915; x_wconf 88' lang='lat' dir='ltr'><strong>sapiens</strong></span> 
     </span>
     <span class='ocr_line' id='line_1_18' title="bbox 324 1918 1301 1994; baseline 0.004 -17"><span class='ocrx_word' id='word_1_128' title='bbox 324 1918 454 1994; x_wconf 88' lang='lat' dir='ltr'><strong>sapienti</strong></span> <span class='ocrx_word' id='word_1_129' title='bbox 476 1936 537 1977; x_wconf 94' lang='lat' dir='ltr'><strong>non</strong></span> <span class='ocrx_word' id='word_1_130' title='bbox 558 1926 668 1993; x_wconf 90' lang='lat' dir='ltr'><strong>potest.</strong></span> <span class='ocrx_word' id='word_1_131' title='bbox 697 1919 820 1980; x_wconf 81' lang='lat' dir='ltr'><strong>horest</strong></span> <span class='ocrx_word' id='word_1_132' title='bbox 838 1920 1009 1980; x_wconf 89' lang='lat' dir='ltr'><strong>absolutum</strong></span> <span class='ocrx_word' id='word_1_133' title='bbox 1025 1927 1055 1980; x_wconf 93' lang='lat' dir='ltr'><strong>et</strong></span> <span class='ocrx_word' id='word_1_134' title='bbox 1069 1938 1172 1980; x_wconf 85' lang='lat' dir='ltr'><strong>rerum</strong></span> <span class='ocrx_word' id='word_1_135' title='bbox 1188 1923 1301 1983; x_wconf 84' lang='lat' dir='ltr'><strong>benefi-</strong></span> 
     </span>
     <span class='ocr_line' id='line_1_19' title="bbox 322 2002 1301 2081; baseline 0.002 -20"><span class='ocrx_word' id='word_1_136' title='bbox 322 2002 411 2062; x_wconf 87' lang='lat' dir='ltr'><strong>cium.</strong></span> <span class='ocrx_word' id='word_1_137' title='bbox 442 2004 567 2062; x_wconf 85' lang='lat' dir='ltr'><strong>aiterum</strong></span> <span class='ocrx_word' id='word_1_138' title='bbox 584 2005 723 2077; x_wconf 80' lang='lat' dir='ltr'><strong>volgare,</strong></span> <span class='ocrx_word' id='word_1_139' title='bbox 739 2004 907 2077; x_wconf 80' lang='lat' dir='ltr'><strong>plebeium,</strong></span> <span class='ocrx_word' id='word_1_140' title='bbox 925 2003 1010 2062; x_wconf 92' lang='lat' dir='ltr'><strong>cuius</strong></span> <span class='ocrx_word' id='word_1_141' title='bbox 1026 2004 1102 2063; x_wconf 91' lang='lat' dir='ltr'><strong>inter</strong></span> <span class='ocrx_word' id='word_1_142' title='bbox 1116 2021 1174 2064; x_wconf 93' lang='lat' dir='ltr'><strong>nos</strong></span> <span class='ocrx_word' id='word_1_143' title='bbox 1190 2005 1301 2081; x_wconf 90' lang='lat' dir='ltr'><strong>inperi-</strong></span> 
     </span>
    </p>

    <p class='ocr_par' dir='ltr' id='par_1_6' title="bbox 289 2081 1302 2575">
     <span class='ocr_line' id='line_1_20' title="bbox 289 2081 1302 2164; baseline 0.003 -20"><span class='ocrx_word' id='word_1_144' title='bbox 289 2092 370 2147; x_wconf 67' lang='lat' dir='ltr'><strong>itos</strong></span> <span class='ocrx_word' id='word_1_145' title='bbox 392 2087 604 2145; x_wconf 84' lang='lat' dir='ltr'><strong>commercium</strong></span> <span class='ocrx_word' id='word_1_146' title='bbox 626 2094 681 2145; x_wconf 88' lang='lat' dir='ltr'><strong>est.</strong></span> <span class='ocrx_word' id='word_1_147' title='bbox 715 2087 760 2144; x_wconf 90' lang='lat' dir='ltr'><strong>De</strong></span> <span class='ocrx_word' id='word_1_148' title='bbox 783 2086 841 2145; x_wconf 92' lang='lat' dir='ltr'><strong>hoc</strong></span> <span class='ocrx_word' id='word_1_149' title='bbox 863 2081 923 2144; x_wconf 87' lang='lat' dir='ltr'><strong>nou</strong></span> <span class='ocrx_word' id='word_1_150' title='bbox 939 2094 987 2146; x_wconf 91' lang='lat' dir='ltr'><strong>est</strong></span> <span class='ocrx_word' id='word_1_151' title='bbox 1002 2088 1140 2160; x_wconf 87' lang='lat' dir='ltr'><strong>dubium,</strong></span> <span class='ocrx_word' id='word_1_152' title='bbox 1164 2090 1237 2164; x_wconf 91' lang='lat' dir='ltr'><strong>quin</strong></span> <span class='ocrx_word' id='word_1_153' title='bbox 1252 2090 1302 2161; x_wconf 89' lang='lat' dir='ltr'><strong>iIIi,</strong></span> 
     </span>
     <span class='ocr_line' id='line_1_21' title="bbox 322 2168 1302 2245; baseline 0.002 -16"><span class='ocrx_word' id='word_1_154' title='bbox 322 2171 559 2245; x_wconf 84' lang='lat' dir='ltr'><strong>qualiscumque,</strong></span> <span class='ocrx_word' id='word_1_155' title='bbox 576 2177 623 2227; x_wconf 91' lang='lat' dir='ltr'><strong>est</strong></span> <span class='ocrx_word' id='word_1_156' title='bbox 634 2169 762 2229; x_wconf 84' lang='lat' dir='ltr'><strong>debeam</strong></span> <span class='ocrx_word' id='word_1_157' title='bbox 774 2170 917 2242; x_wconf 89' lang='lat' dir='ltr'><strong>reddere,</strong></span> <span class='ocrx_word' id='word_1_158' title='bbox 933 2168 999 2228; x_wconf 91' lang='lat' dir='ltr'><strong>sive</strong></span> <span class='ocrx_word' id='word_1_159' title='bbox 1011 2170 1163 2231; x_wconf 87' lang='lat' dir='ltr'><strong>homicida</strong></span> <span class='ocrx_word' id='word_1_160' title='bbox 1175 2173 1244 2232; x_wconf 90' lang='lat' dir='ltr'><strong>sive</strong></span> <span class='ocrx_word' id='word_1_161' title='bbox 1256 2174 1302 2231; x_wconf 86' lang='lat' dir='ltr'><strong>iur</strong></span> 
     </span>
     <span class='ocr_line' id='line_1_22' title="bbox 322 2252 1300 2327; baseline 0.004 -15"><span class='ocrx_word' id='word_1_162' title='bbox 322 2255 386 2312; x_wconf 91' lang='lat' dir='ltr'><strong>sive</strong></span> <span class='ocrx_word' id='word_1_163' title='bbox 408 2253 525 2312; x_wconf 77' lang='lat' dir='ltr'><strong>adulter</strong></span> <span class='ocrx_word' id='word_1_164' title='bbox 546 2253 652 2311; x_wconf 90' lang='lat' dir='ltr'><strong>evasit.</strong></span> <span class='ocrx_word' id='word_1_165' title='bbox 685 2252 805 2313; x_wconf 87' lang='lat' dir='ltr'><strong>Habent</strong></span> <span class='ocrx_word' id='word_1_166' title='bbox 829 2254 947 2311; x_wconf 89' lang='lat' dir='ltr'><strong>scelera</strong></span> <span class='ocrx_word' id='word_1_167' title='bbox 967 2255 1052 2327; x_wconf 82' lang='lat' dir='ltr'><strong>leges</strong></span> <span class='ocrx_word' id='word_1_168' title='bbox 1075 2270 1166 2314; x_wconf 80' lang='lat' dir='ltr'><strong>suas:</strong></span> <span class='ocrx_word' id='word_1_169' title='bbox 1192 2257 1300 2316; x_wconf 88' lang='lat' dir='ltr'><strong>metius</strong></span> 
     </span>
     <span class='ocr_line' id='line_1_23' title="bbox 322 2333 1300 2412; baseline 0.004 -19"><span class='ocrx_word' id='word_1_170' title='bbox 322 2335 399 2396; x_wconf 88' lang='lat' dir='ltr'><strong>istos</strong></span> <span class='ocrx_word' id='word_1_171' title='bbox 425 2334 517 2393; x_wconf 88' lang='lat' dir='ltr'><strong>iudex</strong></span> <span class='ocrx_word' id='word_1_172' title='bbox 544 2351 633 2407; x_wconf 89' lang='lat' dir='ltr'><strong>quam</strong></span> <span class='ocrx_word' id='word_1_173' title='bbox 659 2333 796 2408; x_wconf 81' lang='lat' dir='ltr'><strong>Ingratus</strong></span> <span class='ocrx_word' id='word_1_174' title='bbox 822 2336 971 2396; x_wconf 86' lang='lat' dir='ltr'><strong>emendat.</strong></span> <span class='ocrx_word' id='word_1_175' title='bbox 1009 2353 1099 2397; x_wconf 92' lang='lat' dir='ltr'><strong>nemo</strong></span> <span class='ocrx_word' id='word_1_176' title='bbox 1125 2346 1155 2398; x_wconf 90' lang='lat' dir='ltr'><strong>te</strong></span> <span class='ocrx_word' id='word_1_177' title='bbox 1179 2340 1300 2412; x_wconf 90' lang='lat' dir='ltr'><strong>malum,</strong></span> 
     </span>
     <span class='ocr_line' id='line_1_24' title="bbox 322 2417 1300 2499; baseline 0.007 -22"><span class='ocrx_word' id='word_1_178' title='bbox 322 2417 374 2492; x_wconf 89' lang='lat' dir='ltr'><strong>qui</strong></span> <span class='ocrx_word' id='word_1_179' title='bbox 389 2424 452 2490; x_wconf 93' lang='lat' dir='ltr'><strong>est,</strong></span> <span class='ocrx_word' id='word_1_180' title='bbox 468 2418 566 2477; x_wconf 88' lang='lat' dir='ltr'><strong>saciat.</strong></span> <span class='ocrx_word' id='word_1_181' title='bbox 594 2418 674 2477; x_wconf 87' lang='lat' dir='ltr'><strong>Maio</strong></span> <span class='ocrx_word' id='word_1_182' title='bbox 692 2419 871 2479; x_wconf 88' lang='lat' dir='ltr'><strong>beneficium</strong></span> <span class='ocrx_word' id='word_1_183' title='bbox 887 2419 1046 2493; x_wconf 90' lang='lat' dir='ltr'><strong>proiciam,</strong></span> <span class='ocrx_word' id='word_1_184' title='bbox 1064 2419 1148 2481; x_wconf 90' lang='lat' dir='ltr'><strong>bono</strong></span> <span class='ocrx_word' id='word_1_185' title='bbox 1162 2423 1300 2499; x_wconf 89' lang='lat' dir='ltr'><strong>reddam,</strong></span> 
     </span>
     <span class='ocr_line' id='line_1_25' title="bbox 320 2500 880 2575; baseline 0 -16"><span class='ocrx_word' id='word_1_186' title='bbox 320 2500 391 2561; x_wconf 82' lang='lat' dir='ltr'><strong>huIc</strong></span> <span class='ocrx_word' id='word_1_187' title='bbox 407 2502 476 2574; x_wconf 87' lang='lat' dir='ltr'><strong>quia</strong></span> <span class='ocrx_word' id='word_1_188' title='bbox 493 2500 607 2575; x_wconf 88' lang='lat' dir='ltr'><strong>debeo,</strong></span> <span class='ocrx_word' id='word_1_189' title='bbox 630 2502 669 2560; x_wconf 91' lang='lat' dir='ltr'><strong>ilii</strong></span> <span class='ocrx_word' id='word_1_190' title='bbox 688 2518 725 2560; x_wconf 91' lang='lat' dir='ltr'><strong>ne</strong></span> <span class='ocrx_word' id='word_1_191' title='bbox 742 2503 880 2562; x_wconf 87' lang='lat' dir='ltr'><strong>debeam.</strong></span> 
     </span>
    </p>

    <p class='ocr_par' dir='ltr' id='par_1_7' title="bbox 291 2584 1300 2995">
     <span class='ocr_line' id='line_1_26' title="bbox 291 2584 1299 2663; baseline 0.005 -18"><span class='ocrx_word' id='word_1_192' title='bbox 291 2594 306 2645; x_wconf 93' lang='lat'>1</span> <span class='ocrx_word' id='word_1_193' title='bbox 381 2584 486 2645; x_wconf 84' lang='lat' dir='ltr'><strong>XVIII.</strong></span> <span class='ocrx_word' id='word_1_194' title='bbox 510 2585 554 2646; x_wconf 89' lang='lat' dir='ltr'><strong>De</strong></span> <span class='ocrx_word' id='word_1_195' title='bbox 575 2588 669 2645; x_wconf 88' lang='lat' dir='ltr'><strong>altero</strong></span> <span class='ocrx_word' id='word_1_196' title='bbox 691 2585 830 2645; x_wconf 85' lang='lat' dir='ltr'><strong>beneficii</strong></span> <span class='ocrx_word' id='word_1_197' title='bbox 851 2601 963 2660; x_wconf 79' lang='lat' dir='ltr'><strong>genere</strong></span> <span class='ocrx_word' id='word_1_198' title='bbox 977 2587 1143 2662; x_wconf 90' lang='lat' dir='ltr'><strong>dubitatur,</strong></span> <span class='ocrx_word' id='word_1_199' title='bbox 1166 2585 1299 2663; x_wconf 88' lang='lat' dir='ltr'><strong>quodsi</strong></span> 
     </span>
     <span class='ocr_line' id='line_1_27' title="bbox 319 2667 1299 2746; baseline 0.006 -19"><span class='ocrx_word' id='word_1_200' title='bbox 319 2667 459 2743; x_wconf 86' lang='lat' dir='ltr'><strong>accipere</strong></span> <span class='ocrx_word' id='word_1_201' title='bbox 474 2686 535 2728; x_wconf 91' lang='lat' dir='ltr'><strong>non</strong></span> <span class='ocrx_word' id='word_1_202' title='bbox 552 2670 635 2744; x_wconf 90' lang='lat' dir='ltr'><strong>potui</strong></span> <span class='ocrx_word' id='word_1_203' title='bbox 652 2668 712 2728; x_wconf 85' lang='lat' dir='ltr'><strong>msi</strong></span> <span class='ocrx_word' id='word_1_204' title='bbox 726 2671 865 2744; x_wconf 87' lang='lat' dir='ltr'><strong>sapiens,</strong></span> <span class='ocrx_word' id='word_1_205' title='bbox 887 2686 943 2729; x_wconf 90' lang='lat' dir='ltr'><strong>nec</strong></span> <span class='ocrx_word' id='word_1_206' title='bbox 957 2671 1085 2730; x_wconf 90' lang='lat' dir='ltr'><strong>reddere</strong></span> <span class='ocrx_word' id='word_1_207' title='bbox 1102 2672 1227 2746; x_wconf 90' lang='lat' dir='ltr'><strong>quidem</strong></span> <span class='ocrx_word' id='word_1_208' title='bbox 1243 2674 1299 2733; x_wconf 91' lang='lat' dir='ltr'><strong>nisi</strong></span> 
     </span>
     <span class='ocr_line' id='line_1_28' title="bbox 320 2753 1300 2831; baseline 0.007 -21"><span class='ocrx_word' id='word_1_209' title='bbox 320 2753 448 2825; x_wconf 90' lang='lat' dir='ltr'><strong>sapienti</strong></span> <span class='ocrx_word' id='word_1_210' title='bbox 466 2769 602 2826; x_wconf 90' lang='lat' dir='ltr'><strong>possum.</strong></span> <span class='ocrx_word' id='word_1_211' title='bbox 633 2760 703 2828; x_wconf 87' lang='lat' dir='ltr'><strong>puta</strong></span> <span class='ocrx_word' id='word_1_212' title='bbox 719 2753 798 2811; x_wconf 89' lang='lat' dir='ltr'><strong>enim</strong></span> <span class='ocrx_word' id='word_1_213' title='bbox 812 2769 860 2812; x_wconf 90' lang='lat' dir='ltr'><strong>me</strong></span> <span class='ocrx_word' id='word_1_214' title='bbox 874 2754 1017 2813; x_wconf 82' lang='lat' dir='ltr'><strong>reddere:</strong></span> <span class='ocrx_word' id='word_1_215' title='bbox 1042 2755 1092 2814; x_wconf 89' lang='lat' dir='ltr'><strong>iiie</strong></span> <span class='ocrx_word' id='word_1_216' title='bbox 1112 2772 1173 2815; x_wconf 91' lang='lat' dir='ltr'><strong>non</strong></span> <span class='ocrx_word' id='word_1_217' title='bbox 1196 2764 1300 2831; x_wconf 90' lang='lat' dir='ltr'><strong>potest</strong></span> 
     </span>
     <span class='ocr_line' id='line_1_29' title="bbox 317 2835 1299 2911; baseline 0.01 -21"><span class='ocrx_word' id='word_1_218' title='bbox 317 2835 465 2907; x_wconf 88' lang='lat' dir='ltr'><strong>recipere.</strong></span> <span class='ocrx_word' id='word_1_219' title='bbox 500 2852 560 2894; x_wconf 92' lang='lat' dir='ltr'><strong>non</strong></span> <span class='ocrx_word' id='word_1_220' title='bbox 582 2843 629 2896; x_wconf 89' lang='lat' dir='ltr'><strong>est</strong></span> <span class='ocrx_word' id='word_1_221' title='bbox 648 2838 706 2895; x_wconf 86' lang='lat' dir='ltr'><strong>iam</strong></span> <span class='ocrx_word' id='word_1_222' title='bbox 722 2836 812 2896; x_wconf 92' lang='lat' dir='ltr'><strong>huius</strong></span> <span class='ocrx_word' id='word_1_223' title='bbox 827 2838 871 2896; x_wconf 93' lang='lat' dir='ltr'><strong>rei</strong></span> <span class='ocrx_word' id='word_1_224' title='bbox 886 2853 994 2911; x_wconf 87' lang='lat' dir='ltr'><strong>capax.</strong></span> <span class='ocrx_word' id='word_1_225' title='bbox 1023 2837 1179 2898; x_wconf 88' lang='lat' dir='ltr'><strong>scientiam</strong></span> <span class='ocrx_word' id='word_1_226' title='bbox 1196 2843 1299 2901; x_wconf 90' lang='lat' dir='ltr'><strong>utendi</strong></span> 
     </span>
     <span class='ocr_line' id='line_1_30' title="bbox 319 2917 1297 2995; baseline 0.011 -23"><span class='ocrx_word' id='word_1_227' title='bbox 319 2918 458 2989; x_wconf 87' lang='lat' dir='ltr'><strong>perdidit.</strong></span> <span class='ocrx_word' id='word_1_228' title='bbox 493 2917 570 2989; x_wconf 81' lang='lat' dir='ltr'><strong>Quid</strong></span> <span class='ocrx_word' id='word_1_229' title='bbox 587 2919 613 2977; x_wconf 91' lang='lat' dir='ltr'><strong>si</strong></span> <span class='ocrx_word' id='word_1_230' title='bbox 634 2934 682 2977; x_wconf 89' lang='lat' dir='ltr'><strong>me</strong></span> <span class='ocrx_word' id='word_1_231' title='bbox 695 2918 846 2979; x_wconf 87' lang='lat' dir='ltr'><strong>remittere</strong></span> <span class='ocrx_word' id='word_1_232' title='bbox 862 2936 970 2981; x_wconf 85' lang='lat' dir='ltr'><strong>maneo</strong></span> <span class='ocrx_word' id='word_1_233' title='bbox 986 2921 1076 2995; x_wconf 92' lang='lat' dir='ltr'><strong>pilam</strong></span> <span class='ocrx_word' id='word_1_234' title='bbox 1091 2921 1201 2982; x_wconf 74' lang='lat' dir='ltr'><strong>iubes?</strong></span> <span class='ocrx_word' id='word_1_235' title='bbox 1226 2926 1297 2985; x_wconf 88' lang='lat' dir='ltr'><strong>stui-</strong></span> 
     </span>
    </p>

    <p class='ocr_par' dir='ltr' id='par_1_8' title="bbox 290 3001 1298 3501">
     <span class='ocr_line' id='line_1_31' title="bbox 290 3001 1297 3082; baseline 0.012 -27"><span class='ocrx_word' id='word_1_236' title='bbox 290 3003 380 3058; x_wconf 75' lang='lat' dir='ltr'><strong>2tum</strong></span> <span class='ocrx_word' id='word_1_237' title='bbox 395 3008 442 3060; x_wconf 86' lang='lat' dir='ltr'><strong>est</strong></span> <span class='ocrx_word' id='word_1_238' title='bbox 457 3001 531 3060; x_wconf 86' lang='lat' dir='ltr'><strong>dare</strong></span> <span class='ocrx_word' id='word_1_239' title='bbox 547 3003 644 3074; x_wconf 80' lang='lat' dir='ltr'><strong>alicui,</strong></span> <span class='ocrx_word' id='word_1_240' title='bbox 660 3003 743 3075; x_wconf 84' lang='lat' dir='ltr'><strong>quod</strong></span> <span class='ocrx_word' id='word_1_241' title='bbox 759 3005 900 3079; x_wconf 88' lang='lat' dir='ltr'><strong>accipere</strong></span> <span class='ocrx_word' id='word_1_242' title='bbox 912 3020 972 3064; x_wconf 94' lang='lat' dir='ltr'><strong>non</strong></span> <span class='ocrx_word' id='word_1_243' title='bbox 989 3006 1095 3078; x_wconf 90' lang='lat' dir='ltr'><strong>possit.</strong></span> <span class='ocrx_word' id='word_1_244' title='bbox 1117 3006 1157 3066; x_wconf 92' lang='lat' dir='ltr'><strong>Ut</strong></span> <span class='ocrx_word' id='word_1_245' title='bbox 1169 3023 1297 3082; x_wconf 89' lang='lat' dir='ltr'><strong>respon·</strong></span> 
     </span>
     <span class='ocr_line' id='line_1_32' title="bbox 318 3083 1298 3166; baseline 0.008 -25"><span class='ocrx_word' id='word_1_246' title='bbox 318 3083 391 3142; x_wconf 93' lang='lat' dir='ltr'><strong>dere</strong></span> <span class='ocrx_word' id='word_1_247' title='bbox 412 3085 450 3143; x_wconf 89' lang='lat' dir='ltr'><strong>ab</strong></span> <span class='ocrx_word' id='word_1_248' title='bbox 476 3085 578 3145; x_wconf 90' lang='lat' dir='ltr'><strong>ultimo</strong></span> <span class='ocrx_word' id='word_1_249' title='bbox 599 3086 756 3160; x_wconf 86' lang='lat' dir='ltr'><strong>incipiam=</strong></span> <span class='ocrx_word' id='word_1_250' title='bbox 788 3103 848 3146; x_wconf 94' lang='lat' dir='ltr'><strong>non</strong></span> <span class='ocrx_word' id='word_1_251' title='bbox 871 3088 951 3148; x_wconf 89' lang='lat' dir='ltr'><strong>dabo</strong></span> <span class='ocrx_word' id='word_1_252' title='bbox 972 3089 1028 3160; x_wconf 90' lang='lat' dir='ltr'><strong>iiii,</strong></span> <span class='ocrx_word' id='word_1_253' title='bbox 1052 3089 1134 3164; x_wconf 94' lang='lat' dir='ltr'><strong>quod</strong></span> <span class='ocrx_word' id='word_1_254' title='bbox 1157 3092 1298 3166; x_wconf 81' lang='lat' dir='ltr'><strong>accipere</strong></span> 
     </span>
     <span class='ocr_line' id='line_1_33' title="bbox 319 3170 1296 3248; baseline 0.007 -22"><span class='ocrx_word' id='word_1_255' title='bbox 319 3183 379 3226; x_wconf 93' lang='lat' dir='ltr'><strong>non</strong></span> <span class='ocrx_word' id='word_1_256' title='bbox 399 3170 520 3242; x_wconf 69' lang='lat' dir='ltr'><strong>poterit:</strong></span> <span class='ocrx_word' id='word_1_257' title='bbox 545 3170 686 3241; x_wconf 88' lang='lat' dir='ltr'><strong>reddam,</strong></span> <span class='ocrx_word' id='word_1_258' title='bbox 709 3170 826 3229; x_wconf 86' lang='lat' dir='ltr'><strong>etiamsi</strong></span> <span class='ocrx_word' id='word_1_259' title='bbox 847 3173 985 3245; x_wconf 86' lang='lat' dir='ltr'><strong>recipere</strong></span> <span class='ocrx_word' id='word_1_260' title='bbox 999 3189 1059 3232; x_wconf 94' lang='lat' dir='ltr'><strong>non</strong></span> <span class='ocrx_word' id='word_1_261' title='bbox 1075 3173 1196 3248; x_wconf 91' lang='lat' dir='ltr'><strong>poterit.</strong></span> <span class='ocrx_word' id='word_1_262' title='bbox 1223 3175 1296 3235; x_wconf 92' lang='lat' dir='ltr'><strong>obti-</strong></span> 
     </span>
     <span class='ocr_line' id='line_1_34' title="bbox 317 3252 1295 3331; baseline 0.006 -21"><span class='ocrx_word' id='word_1_263' title='bbox 317 3266 390 3326; x_wconf 82' lang='lat' dir='ltr'><strong>gere</strong></span> <span class='ocrx_word' id='word_1_264' title='bbox 405 3253 483 3311; x_wconf 91' lang='lat' dir='ltr'><strong>enim</strong></span> <span class='ocrx_word' id='word_1_265' title='bbox 500 3270 559 3313; x_wconf 90' lang='lat' dir='ltr'><strong>non</strong></span> <span class='ocrx_word' id='word_1_266' title='bbox 577 3270 703 3327; x_wconf 88' lang='lat' dir='ltr'><strong>possum</strong></span> <span class='ocrx_word' id='word_1_267' title='bbox 720 3252 779 3312; x_wconf 92' lang='lat' dir='ltr'><strong>nisi</strong></span> <span class='ocrx_word' id='word_1_268' title='bbox 793 3255 1007 3329; x_wconf 87' lang='lat' dir='ltr'><strong>accipientem=</strong></span> <span class='ocrx_word' id='word_1_269' title='bbox 1035 3255 1157 3316; x_wconf 89' lang='lat' dir='ltr'><strong>liberari</strong></span> <span class='ocrx_word' id='word_1_270' title='bbox 1172 3264 1295 3331; x_wconf 87' lang='lat' dir='ltr'><strong>tantum,</strong></span> 
     </span>
     <span class='ocr_line' id='line_1_35' title="bbox 317 3335 1294 3417; baseline 0.009 -24"><span class='ocrx_word' id='word_1_271' title='bbox 317 3335 343 3394; x_wconf 89' lang='lat' dir='ltr'><strong>si</strong></span> <span class='ocrx_word' id='word_1_272' title='bbox 359 3336 494 3408; x_wconf 90' lang='lat' dir='ltr'><strong>reddidi,</strong></span> <span class='ocrx_word' id='word_1_273' title='bbox 512 3352 649 3409; x_wconf 88' lang='lat' dir='ltr'><strong>possum.</strong></span> <span class='ocrx_word' id='word_1_274' title='bbox 682 3337 734 3397; x_wconf 89' lang='lat' dir='ltr'><strong>iile</strong></span> <span class='ocrx_word' id='word_1_275' title='bbox 748 3338 790 3397; x_wconf 91' lang='lat' dir='ltr'><strong>uti</strong></span> <span class='ocrx_word' id='word_1_276' title='bbox 806 3339 856 3397; x_wconf 90' lang='lat' dir='ltr'><strong>iIto</strong></span> <span class='ocrx_word' id='word_1_277' title='bbox 871 3355 931 3397; x_wconf 92' lang='lat' dir='ltr'><strong>non</strong></span> <span class='ocrx_word' id='word_1_278' title='bbox 948 3339 1079 3414; x_wconf 69' lang='lat' dir='ltr'><strong>poterit?</strong></span> <span class='ocrx_word' id='word_1_279' title='bbox 1101 3340 1220 3402; x_wconf 73' lang='lat' dir='ltr'><strong>viderit.</strong></span> <span class='ocrx_word' id='word_1_280' title='bbox 1243 3357 1294 3417; x_wconf 86' lang='lat' dir='ltr'><strong>pe-</strong></span> 
     </span>
     <span class='ocr_line' id='line_1_36' title="bbox 316 3419 1239 3501; baseline 0.011 -26"><span class='ocrx_word' id='word_1_281' title='bbox 316 3433 372 3477; x_wconf 89' lang='lat' dir='ltr'><strong>nes</strong></span> <span class='ocrx_word' id='word_1_282' title='bbox 384 3419 466 3477; x_wconf 83' lang='lat' dir='ltr'><strong>iilum</strong></span> <span class='ocrx_word' id='word_1_283' title='bbox 481 3419 536 3478; x_wconf 91' lang='lat' dir='ltr'><strong>erit</strong></span> <span class='ocrx_word' id='word_1_284' title='bbox 551 3422 655 3493; x_wconf 84' lang='lat' dir='ltr'><strong>culpa,</strong></span> <span class='ocrx_word' id='word_1_285' title='bbox 670 3437 730 3481; x_wconf 92' lang='lat' dir='ltr'><strong>non</strong></span> <span class='ocrx_word' id='word_1_286' title='bbox 747 3431 843 3495; x_wconf 90' lang='lat' dir='ltr'><strong>penes</strong></span> <span class='ocrx_word' id='word_1_287' title='bbox 858 3438 915 3481; x_wconf 93' lang='lat' dir='ltr'><strong>me.</strong></span> <span class='ocrx_word' id='word_1_288' title='bbox 1235 3497 1239 3501; x_wconf 26' lang='lat'><strong>¹</strong></span> 
     </span>
    </p>

    <p class='ocr_par' dir='ltr' id='par_1_9' title="bbox 289 3502 1291 3735">
     <span class='ocr_line' id='line_1_37' title="bbox 289 3502 1289 3583; baseline 0.008 -24"><span class='ocrx_word' id='word_1_289' title='bbox 289 3507 304 3559; x_wconf 93' lang='lat'>1</span> <span class='ocrx_word' id='word_1_290' title='bbox 376 3502 453 3563; x_wconf 89' lang='lat' dir='ltr'><strong>XIX.</strong></span> <span class='ocrx_word' id='word_1_291' title='bbox 477 3502 638 3576; x_wconf 89' lang='lat' dir='ltr'><strong>„Reddere</strong></span> <span class='ocrx_word' id='word_1_292' title='bbox 651 3512 707 3578; x_wconf 91' lang='lat' dir='ltr'><strong>est,</strong></span> <span class='ocrx_word' id='word_1_293' title='bbox 723 3505 829 3579; x_wconf 79' lang='lat' dir='ltr'><strong>inquit,</strong></span> <span class='ocrx_word' id='word_1_294' title='bbox 844 3514 1008 3579; x_wconf 88' lang='lat' dir='ltr'><strong>accepturo</strong></span> <span class='ocrx_word' id='word_1_295' title='bbox 1020 3506 1195 3567; x_wconf 86' lang='lat' dir='ltr'><strong>tradidisse.</strong></span> <span class='ocrx_word' id='word_1_296' title='bbox 1220 3508 1289 3583; x_wconf 85' lang='lat' dir='ltr'><strong>quid</strong></span> 
     </span>
     <span class='ocr_line' id='line_1_38' title="bbox 316 3584 1291 3658; baseline 0.011 -19"><span class='ocrx_word' id='word_1_297' title='bbox 316 3584 410 3656; x_wconf 92' lang='lat' dir='ltr'><strong>enim,</strong></span> <span class='ocrx_word' id='word_1_298' title='bbox 436 3586 462 3645; x_wconf 88' lang='grc' dir='ltr'><strong>εἰ</strong></span> <span class='ocrx_word' id='word_1_299' title='bbox 483 3587 531 3645; x_wconf 87' lang='lat' dir='ltr'><strong>cui</strong></span> <span class='ocrx_word' id='word_1_300' title='bbox 555 3586 654 3643; x_wconf 90' lang='lat' dir='ltr'><strong>vinum</strong></span> <span class='ocrx_word' id='word_1_301' title='bbox 676 3587 792 3648; x_wconf 84' lang='lat' dir='ltr'><strong>debeas</strong></span> <span class='ocrx_word' id='word_1_302' title='bbox 813 3596 843 3647; x_wconf 87' lang='lat' dir='ltr'><strong>et</strong></span> <span class='ocrx_word' id='word_1_303' title='bbox 863 3588 922 3647; x_wconf 91' lang='lat' dir='ltr'><strong>hoc</strong></span> <span class='ocrx_word' id='word_1_304' title='bbox 937 3589 987 3650; x_wconf 92' lang='lat' dir='ltr'><strong>ilie</strong></span> <span class='ocrx_word' id='word_1_305' title='bbox 1002 3598 1031 3650; x_wconf 90' lang='lat' dir='ltr'><strong>te</strong></span> <span class='ocrx_word' id='word_1_306' title='bbox 1047 3589 1211 3658; x_wconf 80' lang='lat' dir='ltr'><strong>infundere</strong></span> <span class='ocrx_word' id='word_1_307' title='bbox 1224 3592 1291 3652; x_wconf 92' lang='lat' dir='ltr'><strong>reti·</strong></span> 
     </span>
     <span class='ocr_line' id='line_1_39' title="bbox 316 3667 1289 3735; baseline 0.012 -14"><span class='ocrx_word' id='word_1_308' title='bbox 316 3667 385 3724; x_wconf 91' lang='lat' dir='ltr'><strong>cuto</strong></span> <span class='ocrx_word' id='word_1_309' title='bbox 406 3668 507 3729; x_wconf 85' lang='lat' dir='ltr'><strong>iubeat</strong></span> <span class='ocrx_word' id='word_1_310' title='bbox 529 3675 580 3729; x_wconf 92' lang='lat' dir='ltr'><strong>aut</strong></span> <span class='ocrx_word' id='word_1_311' title='bbox 601 3669 715 3729; x_wconf 80' lang='lat' dir='ltr'><strong>cribro:</strong></span> <span class='ocrx_word' id='word_1_312' title='bbox 743 3671 917 3731; x_wconf 89' lang='lat' dir='ltr'><strong>reddidisse</strong></span> <span class='ocrx_word' id='word_1_313' title='bbox 938 3679 966 3732; x_wconf 86' lang='lat' dir='ltr'><strong>te</strong></span> <span class='ocrx_word' id='word_1_314' title='bbox 987 3674 1072 3733; x_wconf 92' lang='lat' dir='ltr'><strong>dices</strong></span> <span class='ocrx_word' id='word_1_315' title='bbox 1095 3682 1148 3734; x_wconf 89' lang='lat' dir='ltr'><strong>aut</strong></span> <span class='ocrx_word' id='word_1_316' title='bbox 1161 3676 1289 3735; x_wconf 91' lang='lat' dir='ltr'><strong>reddere</strong></span> 
     </span>
    </p>

    <p class='ocr_par' dir='ltr' id='par_1_10' title="bbox 286 3748 1288 3833">
     <span class='ocr_line' id='line_1_40' title="bbox 286 3748 1288 3833; baseline 0.012 -28"><span class='ocrx_word' id='word_1_317' title='bbox 286 3752 303 3806; x_wconf 85' lang='lat'>2</span> <span class='ocrx_word' id='word_1_318' title='bbox 316 3748 416 3821; x_wconf 88' lang='lat' dir='ltr'><strong>voles,</strong></span> <span class='ocrx_word' id='word_1_319' title='bbox 434 3754 532 3827; x_wconf 88' lang='lat' dir='ltr'><strong>quod,</strong></span> <span class='ocrx_word' id='word_1_320' title='bbox 548 3754 620 3812; x_wconf 85' lang='lat' dir='ltr'><strong>dum</strong></span> <span class='ocrx_word' id='word_1_321' title='bbox 631 3754 777 3830; x_wconf 90' lang='lat' dir='ltr'><strong>redditur,</strong></span> <span class='ocrx_word' id='word_1_322' title='bbox 792 3756 868 3816; x_wconf 90' lang='lat' dir='ltr'><strong>inter</strong></span> <span class='ocrx_word' id='word_1_323' title='bbox 880 3755 959 3818; x_wconf 91' lang='lat' dir='ltr'><strong>duos</strong></span> <span class='ocrx_word' id='word_1_324' title='bbox 971 3763 1123 3833; x_wconf 64' lang='grc' dir='ltr'><strong>ρεεεειειι</strong></span> <span class='ocrx_word' id='word_1_325' title='bbox 1147 3758 1288 3820; x_wconf 86' lang='lat' dir='ltr'><strong>Reddere</strong></span> 
     </span>
    </p>
   </div>
   <div class='ocr_carea' id='block_1_3' title="bbox 0 0 1476 4384">
    <p class='ocr_par' dir='ltr' id='par_1_11' title="bbox 0 0 1476 4384">
     <span class='ocr_line' id='line_1_41' title="bbox 0 0 1476 4384; baseline 0 3"><span class='ocrx_word' id='word_1_326' title='bbox 0 0 1476 4384; x_wconf 95' lang='lat' dir='ltr'><strong> </strong></span> 
     </span>
    </p>
   </div>
  </div>
 </body>
</html>
