2942 4384
319 487 382 551 306
615 491 649 551 L.
670 491 818 551 ANNAEI
837 490 1013 558 SENECAE

321 647 354 702 ut
374 642 452 701 solvi
472 641 633 716 vitiarique
653 659 715 703 non
737 642 850 716 possit:
878 641 969 702 habet
989 649 1089 703 temen
1108 642 1291 717 spiramenta

323 726 473 798 quaedam
489 732 519 784 et
534 726 622 799 quasi
638 725 803 799 fenestras,
827 741 882 799 per
898 742 974 799 qaas
989 741 1027 784 ex
1043 733 1127 800 parte
1143 729 1290 787 exteriore

321 808 425 867 mundi
446 807 574 867 induant
595 809 696 881 ignes,
718 825 779 868 non
804 817 862 868 tarn
877 808 992 879 magni,
1013 817 1047 868 ut
1063 809 1209 868 interiora
1224 826 1290 869 con·

322 890 451 950 turbent.
479 907 586 950 narsus
606 907 645 949 ex
666 891 780 950 mundo
801 892 830 949 in
852 890 1004 949 exteriora
1020 892 1169 950 labuntur.
1192 892 1291 966 itaque

321 973 413 1045 haec,
437 989 515 1047 quae
531 980 652 1048 praeter
663 973 915 1034 consuetudinem
927 974 1089 1048 adparent,
1108 974 1292 1034 influxerunt

322 1072 361 1115 ex
376 1056 425 1114 itta
440 1057 517 1115 ultra
532 1058 677 1116 mundum
693 1058 811 1116 iacente
825 1057 958 1115 materia.

294 1154 309 1205 1
382 1138 460 1197 XlV.
484 1138 647 1198 Solvere
668 1140 745 1199 ista
768 1139 860 1214 quid
881 1139 987 1197 atiud
1008 1145 1068 1199 est
1087 1155 1197 1213 quam
1220 1156 1291 1200 ma·

322 1237 406 1280 num
435 1237 621 1280 exercere
648 1230 684 1281 et
709 1224 745 1282 in
770 1230 921 1282 ventum
944 1223 1092 1281 iactare
1114 1223 1293 1282 brachiai

322 1305 421 1363 Velim
442 1313 540 1363 tamen
561 1305 632 1363 milri
647 1305 727 1365 dicat
743 1307 814 1379 iste,
839 1307 890 1381 qui
906 1306 1017 1364 mundo
1033 1312 1093 1365 tam
1110 1306 1198 1364 firma
1213 1307 1291 1365 laca-

322 1387 407 1446 naria
422 1388 570 1462 inposuit,
587 1387 661 1461 quid
676 1387 728 1460 sit,
744 1405 839 1463 quare
851 1390 1012 1448 credamus
1023 1387 1079 1460 itti,
1095 1396 1208 1447 tantam
1222 1404 1292 1447 esse

322 1471 554 1549 crassitudinem
569 1473 656 1530 coeii.
678 1473 750 1545 quid
768 1472 868 1542 tuerit,
885 1471 1030 1545 quoditie
1044 1471 1292 1530 tamsotidacor·

292 1567 310 1618 2
323 1569 400 1628 pora
425 1554 591 1613 adduceret
615 1563 645 1614 et
671 1553 712 1613 ibi
737 1555 906 1613 detineret?
940 1554 1057 1613 Deinde
1081 1555 1166 1626 quod
1193 1562 1292 1613 tantae

322 1636 534 1696 crassitudinis
550 1643 611 1708 est,
630 1652 760 1698 necesse
772 1645 820 1696 cst
836 1643 866 1695 et
877 1636 976 1709 magni
988 1635 1133 1711 ponderis
1146 1638 1195 1694 sit·
1218 1654 1291 1710 quo-

320 1720 413 1778 modo
429 1735 501 1792 ergo
517 1720 547 1776 in
559 1735 675 1778 summo
688 1728 809 1779 manent
819 1722 945 1793 gravia?
967 1720 1122 1794 quomodo
1133 1720 1185 1778 ilia
1196 1720 1291 1778 moles

321 1818 382 1861 non
403 1801 562 1860 descendit
582 1808 611 1860 et
632 1817 666 1861 se
687 1817 780 1861 onere
800 1819 856 1862 suo
878 1802 1013 1877 frangit?
1039 1801 1105 1861 fieri
1125 1803 1205 1860 enim
1232 1818 1290 1860 non

321 1892 437 1959 potest,
460 1893 493 1944 ut
511 1891 595 1944 tanta
621 1886 668 1944 vis
695 1884 854 1958 ponderis,
886 1893 1027 1959 quantam
1051 1886 1101 1943 itte
1127 1885 1290 1956 substituit

292 1969 454 2041 apendcat
468 1974 498 2027 et
514 1968 632 2027 levibus
643 1968 747 2027 innixa
758 1969 804 2027 sit.
833 1968 877 2027 Ne
890 1969 962 2027 iilud
975 1968 1096 2041 quidem
1110 1974 1211 2042 potest
1223 1967 1290 2041 diei,

245 2123 250 2132 .
321 2050 511 2111 extrinsecus
534 2066 605 2109 csse
625 2053 727 2125 aliqua
747 2050 1067 2125 1·etinacuta,·quibus
1088 2051 1198 2109 cadere
1222 2067 1289 2123 pro·

320 2133 467 2193 hibe-atur.
489 2150 546 2192 nec
557 2150 664 2193 rursus
677 2134 826 2194 demedio
838 2135 952 2208 aliquid
964 2149 1035 2192 esse
1048 2133 1190 2207 oppositi,
1208 2133 1289 2208 qnod

320 2216 471 2278 inminens
497 2233 610 2290 corpus
636 2218 768 2291 excipiat
793 2221 843 2276 ant
866 2216 977 2275 fulciat.
1017 2216 1093 2274 iilud
1116 2217 1289 2275 etiamnunc

320 2315 410 2359 nemo
427 2301 528 2358 dicere
544 2300 680 2371 audebit,
702 2300 846 2359 mundum
862 2301 931 2358 terri
947 2315 1002 2373 per
1015 2300 1186 2357 inmensum
1197 2306 1228 2358 et
1243 2315 1288 2357 ca-

321 2381 394 2440 dere
410 2382 547 2455 quidern,
568 2382 623 2439 sed
639 2398 699 2441 non
715 2382 862 2455 adparere
877 2399 914 2441 an
931 2382 1034 2452 cadat,
1054 2383 1126 2455 quia
1140 2382 1288 2455 praecipi·

320 2463 392 2524 tatio
408 2463 474 2523 eius
490 2470 613 2522 aeterna
628 2472 688 2535 cst,
713 2464 784 2522 nihil
800 2465 916 2524 habens
929 2464 1142 2536 novissimum,
1162 2463 1192 2521 in
1207 2463 1289 2537 quod

291 2547 461 2607 dincurrat.
493 2548 560 2606 Hoc
582 2548 702 2619 quidem
724 2548 763 2606 de
784 2556 863 2608 terra
879 2547 1035 2621 dixerunt,
1059 2563 1125 2605 cum
1141 2545 1288 2605 rationem

319 2632 430 2690 nuttam
449 2631 631 2701 invenirent,
654 2638 886 2705 propterquam
908 2631 1029 2704 pondus
1050 2632 1080 2688 in
1101 2633 1171 2688 aere
1187 2636 1287 2688 staret.

319 2712 459 2787 „Fertur‚
479 2712 632 2787 inquiunt,
656 2729 796 2787 sempcr=
825 2714 880 2772 sed
901 2730 962 2772 non
983 2713 1111 2785 adparet
1129 2728 1167 2769 an
1191 2713 1286 2780 cadat

320 2797 391 2869 quia
404 2796 551 2855 infinitum
567 2804 629 2869 est,
650 2796 679 2854 in
692 2797 776 2871 quod
791 2798 900 2855 cadit.“
936 2795 1210 2868 perdonaremus,
1228 2810 1286 2868 quo

319 2878 433 2952 probes
454 2895 515 2938 non
537 2880 670 2953 quinque
690 2887 804 2938 tanturn
826 2879 930 2939 stelias
948 2879 1078 2951 moveri,
1101 2877 1158 2937 sed
1179 2879 1286 2936 mattas

319 2976 391 3020 esse
414 2968 443 3019 et
460 2962 490 3018 in
506 2962 607 3021 multis
623 2963 726 3021 mundi
740 2961 938 3036 regionibus?
965 2971 1016 3021 aut
1031 2962 1057 3021 si
1072 2961 1130 3020 hoc
1145 2960 1213 3018 sine
1229 2961 1286 3019 utto

318 3043 467 3118 probabili
488 3051 667 3117 argumento
688 3044 758 3103 ticet
777 3046 981 3120 respondere,
1009 3043 1166 3118 quidest,
1195 3056 1287 3116 quare

318 3143 378 3186 non
400 3127 510 3201 aliquis
527 3133 578 3185 aut
600 3143 712 3187 omnes·
728 3130 832 3187 stelias
852 3127 966 3189 moveri
988 3134 1040 3187 ant
1056 3126 1171 3186 'nuttam
1190 3126 1287 3185 dicati

317 3210 478 3270 Praeterea
498 3210 571 3270 nihil
592 3218 620 3269 te
641 3210 765 3271 adiuvat
783 3212 842 3271 ista
858 3213 1011 3271 stellarum
1024 3210 1140 3285 passim
1155 3210 1286 3269 euntium

318 3294 415 3354 turba.
447 3310 515 3353 nam
538 3311 599 3368 quo
619 3295 724 3368 plures
747 3296 869 3367 tuerint,
892 3294 1016 3368 saepius
1033 3295 1062 3351 in
1078 3292 1199 3366 aliquas
1216 3290 1286 3351 inci·

319 3377 406 3437 dent=
427 3379 487 3435 rari
503 3385 601 3436 autern
618 3385 755 3437 cometae
770 3384 800 3436 et
814 3378 853 3438 ob
867 3378 926 3436 hoc
942 3376 1095 3436 mirabiles
1110 3382 1191 3435 sunt.

290 3470 305 3522 l
380 3460 445 3518 XV.
474 3461 564 3534 Quid,
588 3461 670 3532 quod
692 3461 893 3520 testimonium
914 3461 995 3519 dicet
1016 3466 1122 3541 contra
1141 3466 1172 3517 te
1190 3457 1287 3517 omnis

319 3548 418 3616 aetas,
439 3560 517 3616 quae
532 3543 634 3603 tatium
650 3546 802 3603 stellarum
819 3553 944 3604 exortus
965 3551 995 3603 et
1017 3543 1173 3603 adnotavit
1194 3548 1286 3615 etpo-

319 3626 407 3686 steris
421 3627 564 3687 tradidit?
597 3627 670 3686 Post
682 3636 806 3687 mortem
819 3626 958 3687 Demetrii
972 3626 1082 3703 Syriae
1092 3626 1184 3699 regis,
1201 3625 1287 3682 cuius
1326 3699 1327 3706 ἵ

275 3778 278 3783 ,
313 3706 487 3770 Demetrius
501 3717 532 3770 et
544 3709 713 3770 Antiochus
727 3709 814 3770 liberi
828 3711 928 3785 tuere,
949 3712 1042 3785 panto
1059 3716 1128 3770 ante
1139 3707 1287 3768 Achaiam
1325 3737 1327 3822 4
