2942 4384
399 454 450 514 DE
471 453 682 515 BENEFICHS
702 454 775 516 LIB.
787 454 854 514 Vll.
876 462 979 519 7—10.
1117 454 1178 521 141

195 598 381 663 testudinem
393 608 424 661 et
438 602 688 663 foedissimorum·
697 603 991 680 pigerrimorumque
1005 602 1177 666 animalium

194 693 293 746 testas
308 685 482 759 ingentibus
496 686 603 759 pretiis
617 694 752 760 emptas,
777 686 807 745 in
824 687 936 761 quibus
950 689 1002 747 illa
1015 688 1084 763 ipsa
1098 705 1177 763 quae

194 770 296 843 placet
322 767 454 829 varietas
484 768 615 827 subditis
641 770 870 829 medicamentis
895 770 926 829 in
951 770 1177 832 similitudinem

192 852 259 910 veri
275 852 438 911 coloratur.
462 851 561 910 Video
583 852 651 910 istic
665 867 790 911 mensas
812 860 843 912 et
856 854 1046 913 aestimatum
1063 854 1177 928 lignum
1279 858 1284 866 '

193 932 353 995 senatorio
368 949 481 1005 censu,
497 948 535 993 ec
551 934 732 1007 pretiosius,
751 950 812 1008 que
826 936 900 996 illud
915 936 944 995 in
961 938 1065 1011 plures
1077 938 1177 997 nodos

193 1017 313 1077 arboris
329 1015 488 1076 infelicitas
511 1016 606 1076 torsit.
641 1017 741 1077 Video
758 1019 826 1077 istic
841 1021 1031 1095 crystallina,
1049 1036 1178 1094 quorum
1193 1024 1211 1079 3

184 1098 338 1159 ‘accendit
351 1097 497 1173 fragilitas
515 1100 659 1174 pretium=
682 1101 814 1160 omnium
826 1102 906 1161 enim
920 1118 1020 1162 rerum
1036 1104 1177 1178 voluptas

194 1182 281 1256 apud
295 1182 448 1256 inperitos
476 1182 546 1256 ipsc
578 1199 639 1255 quc
664 1184 761 1256 iugari
782 1184 874 1244 debet
893 1186 1029 1259 periculo
1058 1186 1176 1245 crescit.

193 1266 297 1325 Video
312 1280 433 1325 murrea
452 1266 580 1339 pocula:
594 1282 700 1340 parum
717 1266 833 1325 scilieet
850 1268 969 1328 luxuria
988 1284 1097 1342 rnagno
1112 1271 1176 1329 lue-

192 1346 247 1417 rit,
268 1347 329 1406 nisi
349 1346 433 1421 qued
456 1355 579 1408 venrant
598 1348 765 1423 capacibus
784 1350 911 1422 gemmis
927 1350 1004 1409 inter
1021 1366 1056 1409 se
1067 1355 1177 1426 propi·

192 1433 341 1490 necerim.
373 1430 473 1491 Video
496 1432 624 1490 uniones
645 1448 707 1492 non
733 1433 871 1505 singulos
898 1433 1027 1506 singulis
1052 1434 1209 1495 auribust

193 1519 392 1588 conparatos.
424 1511 481 1571 iam
509 1514 591 1572 enlm
616 1514 801 1574 exercitatae
825 1531 917 1575 aures
940 1514 1026 1575 oneri
1044 1516 1174 1576 lerendc

192 1604 282 1656 sunta
303 1596 466 1669 iunguntur
479 1597 556 1655 inter
568 1612 603 1656 se
617 1605 648 1657 et
661 1598 788 1671 insuper
802 1598 852 1658 alii
867 1598 946 1659 binis
961 1615 1174 1673 superponun-

192 1687 253 1739 tur.
280 1695 342 1738 non
366 1678 440 1737 satis
460 1678 615 1738 muliebris
637 1680 756 1740 insania
773 1679 856 1741 viros
872 1682 1094 1758 superiecerat,
1116 1681 1175 1742 nisi

192 1762 266 1821 bina
286 1776 323 1821 ac
342 1766 429 1820 terna
449 1762 629 1835 patrimonia
648 1763 774 1822 auribus
795 1765 922 1839 singulis
944 1765 1173 1840 pependissent

195 1844 295 1904 Video
310 1844 427 1905 sericas
445 1853 562 1915 vestes,
581 1846 608 1904 si
620 1854 724 1905 vestes
739 1849 898 1907 vocandae
915 1857 1000 1921 sunt,
1014 1848 1044 1907 in
1062 1849 1204 1923 quibus5

192 1927 268 1987 nibil
284 1934 346 1999 cst,
363 1943 425 2001 quo
442 1927 566 1987 delendi
582 1935 634 1987 aut
647 1944 761 2001 corpus
776 1938 827 1989 aut
840 1930 973 2004 denique
988 1932 1088 2005 pudor
1100 1948 1172 2005 pos·

192 2011 246 2083 sit,
266 2011 377 2084 quibus
392 2010 521 2084 sumptis
537 2026 643 2084 parum
657 2011 772 2084 liquido
787 2012 898 2071 nudam
917 2029 952 2073 sc
967 2030 1028 2073 non
1043 2029 1114 2072 esse
1128 2016 1172 2074 iu·

190 2092 280 2153 rabit
314 2092 372 2151 hae
392 2092 506 2166 ingenti
526 2109 643 2152 summa
664 2094 703 2152 ab
723 2094 835 2168 ignotis
856 2096 945 2154 etiam
966 2096 1005 2154 ad
1026 2111 1171 2154 commer-
1273 2142 1275 2146 .

193 2174 273 2236 cium
285 2175 426 2249 gentibus
439 2186 643 2248 accersuntur,
658 2183 691 2235 ut
702 2185 857 2238 mamonae
871 2186 1043 2238 nostraene
1056 2178 1171 2238 adulte·

190 2260 236 2319 ris
249 2258 372 2333 quidem
385 2260 455 2332 plus
468 2260 514 2318 sui
526 2259 556 2317 in
568 2259 707 2319 eubiculo
719 2278 810 2334 quam
823 2262 852 2321 in
866 2263 988 2336 publico
1000 2263 1171 2321 ostendant.

256 2342 293 2401 X.
324 2342 403 2415 Quid
428 2340 494 2415 agis
520 2342 666 2402 avaritias
692 2352 767 2417 quot
785 2361 885 2404 rerum
908 2345 1033 2405 caritate
1064 2358 1202 2410 aurumi

194 2432 278 2485 tumn
293 2426 407 2484 victum
422 2431 492 2483 estt
513 2426 613 2485 omnia
628 2427 700 2497 ista,
722 2443 802 2501 quae
816 2428 919 2499 retuli,
944 2429 972 2487 ln
988 2428 1103 2487 maiore
1117 2429 1171 2487 hc·

192 2523 270 2567 nere
290 2508 451 2582 pretioque
467 2517 551 2567 sunt:
573 2524 653 2567 nunc
667 2511 739 2569 vale
755 2517 823 2570 tuas
838 2527 915 2584 opes
938 2526 1170 2584 recognoscere,

192 2590 322 2650 laminas
336 2591 497 2664 utriusque
510 2593 669 2663 materiae,
690 2592 730 2649 ad
746 2608 823 2665 quas
839 2593 989 2665 cupiditas
1004 2601 1108 2652 nostra
1123 2609 1172 2652 ea-

192 2675 275 2748 ligat.
310 2676 351 2732 At
370 2673 543 2733 mehercule
557 2681 652 2744 terra,
681 2689 761 2747 quae
779 2675 923 2748 quicquid
947 2675 1019 2733 utile
1039 2676 1202 2740 iuturuma

192 2755 284 2817 nobis
306 2764 371 2816 erat
392 2756 530 2830 protulit,
551 2757 610 2817 ista
630 2756 747 2816 deludit
766 2764 797 2816 et
816 2758 920 2816 mersit
939 2764 970 2816 et
988 2766 1019 2818 ut
1031 2756 1170 2817 noxiosis

192 2840 288 2899 rebus
311 2854 348 2898 ac
369 2841 448 2898 malo
469 2840 602 2914 gentium
623 2840 652 2898 in
674 2840 807 2900 medium
824 2841 989 2915 prodituris
1011 2848 1073 2902 toto
1094 2857 1169 2917 pon·

193 2924 269 2982 dere
284 2920 429 2982 incubuit.
462 2924 562 2983 video
578 2926 688 2983 ferrum
701 2939 740 2981 ex
754 2923 852 2983 isdem
866 2925 999 2984 tenebris
1013 2940 1085 2985 esse
1099 2941 1169 3000 pro·

193 3006 304 3077 latum,
328 3005 439 3080 quibus
461 3022 566 3066 aarum
579 3015 609 3066 et
624 3015 798 3081 argentum,
817 3024 856 3067 ne
875 3016 927 3068 aut
941 3009 1170 3068 instrumentum

193 3089 225 3147 in
246 3088 361 3148 caedes
383 3097 502 3149 mutuas
525 3090 648 3148 deesset
667 3097 719 3149 aut
735 3090 874 3165 pretium.
902 3098 933 3149 et
949 3099 1055 3150 umen?
1069 3091 1170 3150 adhuc

193 3171 253 3230 ista
274 3171 408 3245 aliquam
428 3172 583 3231 materiam
603 3172 723 3231 habent.
745 3174 842 3232 estin
863 3189 924 3245 quo
942 3188 1075 3232 errorem
1098 3188 1169 3232 ocu·

193 3255 298 3315 lorum
314 3256 431 3314 animus
449 3256 597 3330 subsequi
613 3256 720 3329 possit.
750 3254 850 3313 Video
871 3254 939 3314 istic
962 3253 1127 3328 diplomata
1142 3258 1198 3315 eti

195 3337 394 3415 syngraphas
410 3345 440 3397 et
459 3340 630 3409 cantianae,
652 3353 748 3396 vacua
762 3337 893 3396 habendi
908 3336 1084 3411 simulacra,
1104 3355 1169 3397 um·

193 3421 343 3493 brawa]
366 3420 511 3481 avaritiae
531 3421 681 3496 quaedam
701 3419 883 3494 laborantis,
911 3436 967 3495 per
988 3437 1067 3495 quae
1088 3421 1169 3481 deei-

193 3503 259 3578 piat
287 3506 418 3563 anianum
447 3504 577 3565 inanium
606 3503 750 3577 opinione
770 3505 961 3577 gaudentem.
995 3504 1069 3578 quid
1090 3503 1169 3563 enim

192 3586 253 3646 ista
275 3592 368 3667 sunt?
390 3587 463 3661 quid
485 3588 572 3647 lenus
593 3595 624 3647 et
646 3586 851 3646 calendarium
873 3595 903 3650 et
914 3603 1021 3660 usura,
1043 3586 1100 3647 nisi
1115 3586 1168 3647 lru·

193 3684 305 3729 manae
321 3670 497 3744 cupiditatis
513 3678 599 3730 extra
614 3663 752 3730 natuiam
773 3671 913 3743 quaesita
927 3670 1070 3729 nominat
1096 3670 1198 3732 Pes-4

195 3768 265 3815 sum
285 3753 324 3813 de
344 3768 447 3813 rerum
468 3761 575 3814 natura
596 3754 696 3830 queri,
716 3754 800 3828 quod
822 3769 928 3815 aurum
950 3761 1169 3829 argentumque
