2942 4384
266 312 292 338 d

304 488 446 551 varus.
460 477 620 563 ouuusr.
635 490 768 549 trarv.
785 498 827 550 ιε.
839 480 1004 548 -ιιεν,
1024 498 1050 551 a
1107 482 1170 550 ιιι

195 640 255 701 sibi
270 638 398 713 caverit,
421 640 506 700 cuius
523 640 600 699 haec
615 640 750 699 definitio
767 641 868 700 luerit:
896 638 1029 714 „fluctus
1044 646 1092 699 est
1105 657 1169 700 ma·

193 726 237 784 ris
259 723 290 781 in
306 739 397 782 unam
419 731 534 797 partem
554 723 712 796 agitatim:
741 723 786 782 sic
805 723 970 793 inhaere,
995 739 1085 796 quam
1101 739 1170 782 cum

194 806 328 867 maxime
342 807 532 880 quaerimus,
555 822 616 865 non
632 807 904 878 circumscribetur,
927 805 978 879 qui
992 804 1033 864 ita
1050 820 1085 863 se
1100 821 1170 879 ges·

196 890 286 964 serit,
309 896 341 949 ut
360 890 454 948 dicat:
482 895 611 961 „ventus
632 896 679 948 εει
700 888 800 948 fluens
817 904 868 947 aer
882 890 912 947 in
927 905 1018 946 unam
1034 891 1170 961 partem“

195 978 248 1033 aut
269 988 342 1045 „aer
362 971 462 1032 fluens
485 973 610 1045 inpetu“
632 980 683 1031 aut
704 974 771 1044 „vis
794 973 873 1030 aeris
894 972 1030 1030 inunum
1050 980 1170 1045 partem

196 1055 318 1115 euntis“
333 1062 385 1113 aut
404 1071 533 1126 „cursus
550 1054 630 1114 airis
646 1056 748 1129 aliquo
766 1055 972 1113 concitat10r.“
1007 1054 1078 1114 Seio
1097 1055 1197 1127 quide

194 1138 378 1212 responderi
395 1154 450 1212 pro
463 1137 638 1197 definitione
653 1140 748 1196 altera
760 1138 872 1211 possit:
896 1138 968 1211 quid
983 1133 1111 1196 necesse
1123 1144 1170 1196 est

196 1222 319 1281 adicere
338 1227 382 1279 te:
411 1221 461 1293 „in
482 1237 572 1280 unam
594 1227 709 1294 partem
725 1220 825 1279 fluens
841 1226 938 1279 ιιειιιι
959 1221 1065 1293 utique
1080 1220 1168 1292 enim,

196 1303 281 1379 quod
298 1302 377 1376 lluit,
399 1304 428 1361 in
444 1312 669 1378 unum-partem
683 1303 759 1362 fluit.
782 1319 870 1362 nemo
888 1320 997 1377 aquam
1013 1302 1109 1361 lluere
1124 1304 1170 1361 di-

196 1388 255 1459 cit,
282 1387 442 1446 sitantum
463 1388 541 1445 intra
568 1402 602 1445 se
630 1394 781 1459 movetur,
810 1387 866 1445 sed
887 1386 913 1445 si
937 1386 1039 1459 aliquo
1066 1387 1168 1445 fertur.

196 1476 301 1545 potest
321 1484 393 1543 ergo
415 1470 529 1543 aliquid
553 1470 667 1528 moveri
682 1476 712 1527 ει
728 1485 789 1527 non
804 1468 914 1541 liuere,
939 1477 969 1528 et
984 1484 1001 1527 e
1016 1469 1168 1528 contrario

196 1569 258 1612 non
283 1560 383 1627 potest
402 1551 498 1611 iluere
520 1553 578 1611 nisi
599 1553 628 1610 in
652 1568 742 1611 unam
761 1559 888 1627 partem.
925 1550 987 1611 Sed
1008 1552 1073 1610 sive
1093 1551 1196 1615 bacco

195 1635 332 1695 brevitas
353 1636 463 1694 satisa
488 1634 639 1695 calumnia
664 1642 727 1695 tuta
752 1643 818 1708 est,
851 1635 908 1693 hae
930 1642 1068 1693 utamur=
1102 1636 1169 1695 sive

196 1718 307 1793 aliquis
329 1717 576 1791 circumspectior
591 1726 652 1792 est,
680 1720 774 1779 verbo
789 1736 849 1778 non
867 1726 985 1792 parcat,
1008 1718 1095 1777 cuius
1114 1719 1168 1777 ad-

197 1803 287 1861 iectio
309 1794 529 1861 cavillationem
550 1818 670 1862 omnem
692 1802 801 1875 poterit
817 1803 990 1861 excludere.
1025 1802 1112 1860 Nunc
1129 1802 1169 1860 ad

197 1885 295 1959 ipsam
317 1900 382 1943 rem
397 1885 594 1960 accedamus,
615 1885 759 1959 quoniam
775 1886 849 1944 satis
865 1886 904 1943 de
918 1885 1047 1943 lormula
1062 1885 1167 1959 dispu-

195 1974 359 2046 tatumest.

257 2048 294 2107 Il.
322 2050 511 2108 Democritus
531 2051 586 2110 ait:
616 2066 684 2108 cum
705 2052 736 2109 in
756 2057 886 2124 angusto
903 2049 984 2108 inani
1000 2050 1093 2108 multa
1108 2049 1169 2109 sint

196 2134 395 2207 corpuscula,
419 2148 497 2206 quae
512 2133 560 2191 ille
578 2140 725 2192 atomus
749 2140 852 2203 vocat,
875 2133 964 2206 sequi
979 2141 1110 2191 ventum.
1137 2140 1168 2191 at
1223 2149 1228 2161 ’

195 2224 302 2276 contra
323 2216 457 2290 quietum
478 2222 508 2273 ει
533 2217 684 2288 placidum
705 2218 785 2275 aeris
806 2222 915 2276 statum
936 2231 1023 2288 esse,
1047 2231 1115 2273 cum
1136 2214 1166 2273 in

195 2300 289 2359 multo
308 2297 391 2357 inani
414 2314 510 2371 pauca
532 2299 592 2357 sint
613 2302 803 2374 corpuscula.
826 2316 895 2358 nam
911 2298 1166 2372 quemadmodum

194 2382 224 2441 iu
242 2384 309 2441 loro
327 2381 475 2454 autrico,
499 2383 641 2453 quamdiu
654 2384 790 2456 paucitas
804 2391 866 2454 εει,
887 2382 953 2442 sine
966 2383 1093 2442 tumultu
1104 2398 1165 2440 am-

193 2465 330 2537 buletur,
351 2463 403 2523 ubi
424 2464 510 2522 turba
530 2464 559 2523 in
582 2474 743 2538 angustum
765 2466 964 2536 concurrerit,
987 2466 1113 2524 aliorum
1135 2465 1166 2523 in

194 2547 274 2606 elios
295 2547 488 2605 incidentium
508 2547 574 2606 rixa
595 2548 647 2607 lit:
679 2550 724 2608 sic
748 2550 778 2608 in
799 2549 878 2621 boo,
907 2564 968 2621 quo
989 2548 1165 2607 circumdati

194 2645 318 2701 sumus,
340 2631 438 2703 spatio
460 2644 527 2688 cum
549 2630 689 2703 exiguum
705 2632 803 2690 locum
818 2634 911 2690 multa
926 2646 1057 2704 corpora
1070 2630 1165 2702 inple-

192 2712 306 2785 verint,
328 2728 457 2772 necesse
478 2720 526 2771 est
545 2713 604 2771 alia
623 2714 689 2773 aliis
710 2714 845 2774 incidant
859 2722 889 2773 et
906 2712 1053 2787 inpellant
1066 2728 1103 2770 ac
1118 2727 1165 2769 re-

193 2795 344 2870 pellantur
364 2796 605 2870 inplicenturque
626 2803 655 2857 et
670 2798 909 2870 conprimentur,
931 2811 969 2855 ex
986 2796 1095 2871 quibus
1112 2811 1165 2853 ua-

193 2880 289 2938 scitur
303 2887 425 2950 ventus,
449 2894 516 2937 cum
537 2879 603 2949 illa,
626 2896 704 2953 quae
719 2881 977 2950 conluctabantur,
1000 2880 1165 2939 incubuere
1253 2873 1257 2884 ”

192 2968 222 3022 ει
243 2962 296 3019 diu
317 2960 461 3021 fluctuata
477 2978 513 3021 ac
528 2962 621 3021 dubia
635 2962 820 3022 inclinavere
835 2980 879 3023 se.
903 2972 932 3025 at
945 2963 997 3023 ubi
1012 2963 1040 3021 in
1055 2977 1166 3035 magna

191 3037 317 3102 laxitate
339 3060 469 3118 corpora
489 3060 587 3120 pauca
610 3055 785 3120 versantur,
806 3064 864 3107 nec
884 3048 1013 3107 arietare
1033 3052 1166 3120 possunt

191 3141 251 3185 nec
265 3125 379 3200 inpelli.
853 3193 855 3198 ,

255 3208 306 3267 ΙΙΙ.
334 3208 400 3269 Hoc
421 3210 528 3269 laisum
550 3225 622 3270 esse
644 3210 752 3267 velex
775 3224 812 3268 eo
828 3210 954 3280 colliges
974 3210 1056 3282 licet,
1081 3209 1193 3284 quodl

190 3292 312 3351 interim
332 3300 439 3352 ventus
459 3293 581 3362 minime
604 3299 665 3366 est,
693 3308 760 3351 cum
783 3307 836 3349 aer
856 3290 961 3350 nubilo
983 3292 1085 3364 gravis
1106 3299 1164 3352 est.

191 3374 278 3448 atqui
292 3382 362 3435 tunc
378 3375 506 3449 plurima
520 3392 651 3450 corpora
666 3391 701 3435 se
713 3378 744 3434 in
759 3382 919 3449 angustum
933 3374 1122 3434 contulerunt
1134 3383 1165 3435 et

191 3458 265 3516 inde
284 3465 332 3517 εει
346 3460 513 3533 spissarum
529 3459 651 3520 nubium
667 3460 810 3532 gravitas.
849 3458 946 3516 Adice
961 3472 1055 3530 nunc,
1080 3458 1192 3533 quoda

191 3541 275 3601 circa
294 3541 418 3601 llumina
439 3551 468 3603 et
488 3544 572 3603 lacus
595 3545 738 3617 frequens
760 3542 871 3602 nebula
891 3549 939 3600 εει
962 3540 1067 3599 artatis
1092 3555 1163 3599 con-

190 3624 350 3698 gestisque
371 3626 550 3699 corporibus
572 3641 671 3700 neque
692 3634 793 3685 tamen
806 3631 915 3684 ventus
924 3632 985 3684 est.
1013 3624 1163 3683 interdum

188 3722 264 3766 vero
287 3709 380 3768 multa
400 3709 498 3781 caligo
519 3707 697 3783 effunditur,
724 3716 759 3769 ut
783 3716 982 3785 conspectum
1008 3707 1038 3767 in
1061 3707 1162 3770 vicino

232 3809 416 3850 sunrcuruu.
435 3796 467 3851 11.
497 3820 498 3823 ¹
966 3798 999 3857 t't
