2942 4384
401 437 541 497 NATUR.
557 436 719 510 QUAEST.
743 437 815 497 LlB.
828 437 893 496 VII.
915 444 1047 498 at-at.
1148 435 1210 500 311

239 606 404 665 numquam
426 597 559 650 cometes
579 587 609 647 in
631 588 723 647 imum
744 602 844 661 usque
865 587 1020 648 dimittitur
1041 602 1142 664 neque
1158 590 1211 649 ad·

242 676 429 749 propinquat
448 675 525 733 solo.

302 756 405 815 XXlll.
432 756 612 815 Etiamnunc
632 750 710 827 ignis
732 761 785 814 aut
801 753 837 824 it,
860 770 921 827 quo
937 754 1018 813 illum
1034 761 1141 813 natura
1155 763 1237 815 sual

239 840 339 911 ducit,
364 840 394 898 id
418 846 465 897 est
485 853 623 908 sursum,
653 845 705 897 aul
725 853 778 907 eo,
802 853 863 909 quo
884 837 974 895 trahit
993 837 1132 909 materia,
1162 840 1212 898 cui

238 922 380 981 adhaesit
400 927 429 979 et
446 937 536 993 quam
551 920 742 993 depascitur:
764 920 853 977 nullis
868 918 989 992 ignibus
1006 921 1166 980 ordinariis
1182 928 1212 981 ει

238 1004 423 1064 coelestibus
444 1003 500 1061 iter
519 1001 633 1060 flexum
650 1008 707 1061 est.
736 1002 845 1060 sideris
863 1003 1018 1076 proprium
1035 1010 1083 1062 εει
1097 1003 1211 1062 ducere

238 1088 360 1146 orbem:
383 1086 466 1159 atqui
487 1085 546 1144 hoc
565 1100 603 1142 an
619 1092 756 1144 cometae
771 1086 907 1143 iecerunt
919 1086 983 1158 alii,
1002 1087 1123 1145 nescio=
1147 1086 1209 1147 duo

238 1177 343 1229 nostra
365 1175 463 1227 aetate
485 1169 629 1227 lecerunt.
663 1168 780 1226 Deinde
802 1183 906 1239 omne,
930 1169 1012 1242 quod
1027 1184 1121 1228 causa
1137 1173 1238 1228 tem-2

239 1253 353 1326 poralis
373 1250 526 1322 accendit,
554 1252 613 1310 cito
626 1250 798 1309 intercidit:
821 1250 866 1309 sic
887 1251 970 1309 iaces
994 1253 1114 1324 ardent,
1137 1253 1210 1311 dum

236 1342 404 1395 transeunt.
437 1333 482 1391 sic
503 1333 627 1393 fulmina
651 1333 679 1391 in
701 1349 792 1392 unum
813 1335 915 1392 valent
936 1333 1036 1394 ictum.
1068 1334 1210 1408 sicquae

236 1426 432 1476 transversae
453 1416 593 1475 dicuntur
613 1417 719 1476 stellae
740 1424 770 1475 et
796 1416 956 1488 cadentes,
985 1419 1210 1491 praetervolant

237 1508 267 1559 et
288 1507 395 1559 secant
415 1502 500 1557 adra:
523 1498 613 1557 nullis
634 1498 756 1572 ignibus
775 1498 833 1557 nisi
847 1500 878 1557 in
893 1515 1051 1561 suo'mora
1065 1507 1127 1572 est,
1149 1498 1209 1559 illis

237 1584 307 1643 dico
329 1582 453 1654 divinis
476 1598 553 1654 quos
575 1582 666 1641 habet
685 1582 817 1643 mundus
838 1589 994 1655 aeternos,
1018 1584 1089 1658 quia
1106 1590 1208 1657 parles

236 1667 303 1725 eius
325 1672 444 1725 suntet
465 1680 569 1738 opera.
597 1665 628 1723 hi
649 1673 748 1724 autem
769 1664 884 1738 aliquid
901 1673 994 1739 agunt
1008 1674 1038 1726 el
1051 1667 1166 1725 vadunt
1180 1672 1209 1725 ει

235 1757 371 1809 tenorem
387 1764 476 1807 suum
490 1756 613 1807 servant
625 1764 777 1822 paresque
789 1754 868 1806 sunt.
891 1765 951 1808 non
963 1748 1087 1809 alternis
1100 1749 1208 1807 diebus

236 1833 368 1892 maiores
388 1833 560 1890 minoresve
579 1830 702 1902 fierent,
726 1832 753 1889 si
773 1832 852 1903 ignis
874 1839 958 1891 esset
978 1832 1169 1891 collecticius·
1179 1839 1210 1891 et

235 1930 275 1973 ex
297 1915 398 1989 aliqua
420 1929 513 1972 causa
533 1914 731 1986 repentinus?
750 1912 848 1972 minor
862 1915 939 1972 enim
955 1923 1039 1974 esset
1052 1931 1088 1973 ac
1102 1914 1207 1985 maior,

236 2005 327 2070 prout
352 1995 471 2071 planius
497 1996 627 2055 aleretur
652 2003 703 2054 aut
729 1996 900 2069 malignius.
943 1997 1087 2056 Dicebam
1116 1997 1236 2056 modos

236 2083 344 2152 [modo]
370 2080 441 2138 nihil
463 2080 633 2138 diuturnum
656 2094 743 2151 esse,
772 2080 855 2152 quod
881 2079 996 2139 exarsit
1020 2080 1100 2139 aeris
1124 2078 1207 2139 vitio.

236 2179 317 2222 nunc
333 2163 463 2236 amplius
479 2161 594 2221 adiciat
616 2162 727 2221 morari
744 2178 780 2221 ac
795 2169 877 2221 stare
892 2164 974 2222 nullo
990 2163 1081 2223 modo
1097 2168 1207 2236 potest.

233 2262 305 2304 nam
325 2253 354 2303 et
376 2249 476 2305 laxet
497 2246 608 2304 lulmen
631 2251 661 2304 et
681 2247 768 2304 stella
789 2253 1001 2305 transcurrens
1022 2254 1051 2305 ει
1068 2245 1207 2319 quisquis

234 2329 313 2387 alius
334 2336 381 2388 est
404 2329 480 2401 ignis
497 2344 535 2385 ex
550 2332 621 2387 aare
636 2344 821 2402 expressus,
845 2328 875 2386 in
891 2330 964 2401 luga
978 2337 1025 2388 est
1039 2344 1139 2403 neque
1154 2328 1207 2387 ad·

236 2420 336 2484 paret,
356 2412 413 2469 nisi
429 2412 499 2470 dum
512 2411 607 2470 cadit=
630 2420 764 2471 cometes
776 2412 867 2472 babet
877 2428 962 2471 suam
974 2413 1079 2471 sedem
1092 2420 1121 2471 et
1138 2412 1207 2469 ideo

234 2509 295 2552 non
310 2494 369 2553 cito
387 2495 557 2569 expellitur,
581 2495 636 2553 sed
653 2496 792 2555 emetitur
806 2494 939 2569 spatium
954 2512 1053 2554 suum.
1083 2510 1139 2553 nec
1154 2510 1207 2553 ex-

234 2575 404 2650 stinguitur,
427 2577 482 2637 sed
501 2576 631 2635 excedit.

297 2659 402 2718 XXIV.
432 2659 485 2731 „Si
500 2658 642 2729 erratica,
664 2660 775 2733 inquit,
796 2660 883 2719 stella
898 2668 995 2731 esset,
1018 2659 1047 2717 in
1064 2659 1235 2732 signiserol

232 2747 347 2801 esset.“
382 2742 455 2815 Quis
476 2758 567 2801 unum
590 2744 684 2801 stellis
706 2743 829 2802 limitem
849 2743 955 2817 ponit?
983 2742 1052 2816 quis
1069 2743 1098 2801 in
1114 2758 1207 2816 angu-

233 2833 315 2883 stum
328 2825 429 2883 divina
441 2826 606 2899 conpellit?
628 2842 737 2899 nempe
749 2827 825 2885 baec
835 2826 904 2899 ipsa
916 2825 1033 2898 sidera,
1050 2841 1129 2899 quae
1141 2827 1208 2886 sola

233 2909 350 2967 moveri
363 2909 501 2981 creditiS,
514 2908 594 2973 alios
607 2915 637 2966 et
647 2910 723 2968 alios
737 2909 868 2968 circulos
880 2908 1006 2968 babent:
1028 2924 1123 2983 quare
1134 2924 1207 2984 ergo

233 3006 295 3049 non
318 2990 419 3064 aliqua
440 2992 514 3062 sint,
536 3006 616 3065 quae
637 2990 665 3049 in
689 2992 846 3065 proprium
861 2992 917 3051 iter
931 2997 960 3050 et
975 2991 1012 3051 ab
1028 2993 1094 3051 istis
1108 3007 1207 3053 remo-

233 3081 295 3131 tum
317 3075 521 3134 secesserint?
548 3075 621 3148 quid
644 3084 706 3148 est,
731 3090 826 3150 quare
847 3075 876 3132 in
898 3073 1001 3148 aliqua
1023 3083 1108 3148 parte
1129 3073 1207 3134 coeli

234 3155 371 3230 pervium
393 3174 454 3216 non
471 3155 533 3217 sit?
568 3156 653 3230 Quod
671 3157 697 3216 si
712 3158 829 3216 iudicas
845 3174 905 3215 non
922 3172 1017 3230 posse
1031 3158 1122 3215 ullam
1136 3158 1235 3216 atel-2

235 3242 308 3309 lam,
331 3239 390 3298 nisi
411 3240 588 3314 signiferum
615 3239 755 3312 adtingit,
784 3238 919 3296 vadere:
948 3245 1082 3297 cometes
1104 3246 1206 3312 potest

233 3322 278 3381 sic
295 3324 384 3382 latum
399 3322 513 3381 habere
528 3323 688 3394 circulum,
706 3328 739 3379 ut
753 3321 781 3379 in
796 3320 878 3380 hunc
891 3328 990 3380 tamen
1006 3329 1092 3395 parte
1104 3322 1206 3397 aliqua
1258 3320 1260 3323 ’

233 3406 281 3465 sui
302 3406 423 3465 incidat.
454 3407 537 3478 quod
557 3406 621 3464 steri
638 3422 697 3465 non
715 3412 762 3464 est
776 3404 1000 3475 necessarium,
1022 3406 1078 3464 sed
1093 3413 1204 3479 potest.

233 3489 304 3547 vide
325 3505 363 3546 ne
385 3489 444 3548 hoc
468 3489 564 3561 magis
588 3489 696 3548 deceat
718 3486 952 3560 magnitudinem
974 3488 1093 3559 mundi,
1121 3488 1204 3547 utin

232 3573 326 3630 multa
347 3570 453 3632 itinera
469 3572 586 3632 divisus
601 3575 639 3631 sit
654 3588 710 3630 noc
725 3571 803 3631 hanc
818 3575 908 3629 unam
924 3572 1040 3630 deterat
1058 3571 1204 3643 semitam,

233 3655 342 3715 ceteris
356 3655 495 3730 partibus
514 3662 640 3730 torpeat.
674 3654 780 3715 Credis
797 3662 896 3715 autem
911 3654 941 3714 in
956 3653 1015 3714 lroc
1030 3654 1161 3714 maximo
1177 3660 1233 3715 et3
