2942 4384
330 462 396 528 304
618 462 652 524 L.
673 464 821 523 ANNAEI
841 462 1016 524 SENECAE

332 614 442 690 quibus
456 613 485 672 in
502 628 616 673 morem
630 612 744 673 barbae
759 613 882 674 llamma
892 615 1058 689 dependet,
1073 622 1232 691 eteorum,
1249 614 1297 693 qui

330 698 466 771 undique
486 698 568 757 circa
587 712 622 755 se
637 698 719 757 velut
733 712 850 757 comam
866 705 1025 771 spargunt,
1047 705 1211 772 eteorum,
1235 700 1285 775 qui
1323 762 1330 784 ί

330 784 387 842 bus
404 784 490 840 lusus
508 780 629 853 quidem
645 789 692 839 est
706 780 801 853 ignis,
823 782 922 841 sedin
938 782 1080 839 verticem
1096 784 1239 852 tendens,
1257 793 1286 843 ta
1321 790 1330 860 ζ

330 882 397 924 men
416 865 465 924 isti
480 880 585 924 omnes
600 865 736 938 eiusdem
753 870 843 924 notae
858 872 929 924 sunt
943 873 1141 939 cometaeque
1156 874 1238 924 recte
1257 866 1294 926 di·
1315 862 1330 949 ζ

298 958 315 1009 3
330 956 446 1008 cuntur.
475 962 605 1020 quorum
620 963 687 1006 curn
704 955 776 1022 post
789 948 911 1021 longum
926 955 1046 1021 tempus
1062 950 1229 1021 adpareant
1241 952 1295 1009 lor·
1315 954 1330 984 ⁶

330 1049 411 1104 mae,
434 1032 511 1090 inter
531 1046 566 1090 se
586 1046 642 1091 eos
664 1047 834 1105 conparare
853 1032 977 1089 difficile
992 1038 1052 1091 est:
1075 1032 1125 1091 illo
1143 1032 1212 1105 ipso
1228 1041 1295 1092 tern-
1314 1022 1330 1088 .'

330 1131 420 1192 pore,
444 1130 504 1188 quo
528 1113 690 1188 adparent,
716 1112 793 1173 inter
814 1121 987 1189 spectantes
1003 1114 1042 1172 de
1057 1114 1159 1174 habitu
1181 1116 1297 1175 illorum

330 1216 389 1258 uon
405 1198 559 1269 convenit,
583 1197 638 1256 sed
652 1206 743 1271 prout
759 1198 869 1271 cuique
884 1198 983 1257 acrior
996 1197 1079 1256 acies
1091 1206 1142 1256 aut
1152 1198 1297 1272 hebetior,

329 1282 369 1341 ita
384 1281 424 1340 ait
439 1289 490 1339 aut
504 1281 679 1339 lucidiorem
695 1296 766 1341 esse
779 1289 831 1339 aut
841 1281 1086 1339 rubicundiorem
1098 1290 1128 1340 et
1138 1284 1237 1341 crines
1250 1289 1310 1362 aut,
1323 1259 1330 1299 ε

329 1366 359 1423 in
382 1365 524 1423 inferiora
545 1363 694 1424 deductos
719 1370 771 1423 aut
789 1365 817 1422 in
840 1366 933 1423 latera
955 1365 1108 1423 dimissos.
1148 1364 1210 1423 Sed
1233 1368 1298 1424 sive
1313 1342 1330 1383 U

329 1457 400 1508 sunt
411 1448 530 1521 aliquae
542 1462 646 1507 eorum
658 1447 845 1506 differentiae
858 1447 923 1507 sive
934 1464 994 1505 non
1007 1455 1090 1518 sunt,
1107 1449 1212 1506 eadem
1227 1450 1299 1508 liant
1315 1428 1328 1481 q

327 1531 444 1591 ratione
466 1546 594 1589 necesse
609 1539 657 1590 est
671 1537 821 1589 cometae:
848 1531 920 1589 illud
935 1547 1027 1589 unum
1044 1539 1184 1589 constare
1199 1532 1297 1605 debet,
1318 1509 1329 1632 ξ

328 1623 449 1689 praeter
464 1613 585 1673 solitum
600 1612 719 1687 adspici
734 1630 844 1674 novam
855 1614 964 1673 sideris
978 1614 1084 1672 faciem
1097 1615 1178 1673 circa
1190 1631 1224 1674 se
1238 1616 1297 1674 dis·
1320 1658 1330 1707 h

263 1712 271 1724 “
329 1700 459 1772 sipatum
474 1698 574 1769 ignem
589 1695 744 1756 trahentis.
1093 1747 1096 1750 .

298 1791 312 1839 t
356 1779 453 1838 ιΧΙΙ.
490 1779 724 1851 Quibusdam
763 1781 1008 1854 antiquorum
1045 1781 1173 1854 placet
1205 1782 1298 1840 haee

327 1862 445 1922 ratio:
467 1878 535 1922 cum
549 1878 588 1921 ex
604 1862 698 1921 stellis
714 1863 883 1923 errantibus
896 1865 981 1924 alteri
993 1879 1027 1922 se
1038 1865 1132 1923 altera
1144 1864 1297 1937 adplicuit,

328 1948 456 2007 confuso
477 1947 507 2004 in
530 1963 621 2005 unum
644 1946 771 2005 duarum
787 1948 896 2006 lumine
911 1948 1005 2006 facies
1026 1948 1171 2020 longioris
1188 1946 1297 2007 sideris

327 2031 471 2088 redditur.
501 2045 558 2087 nec
571 2030 631 2089 hoo
644 2035 716 2089 tunc
730 2038 844 2090 tantum
860 2031 975 2102 evenit,
996 2046 1063 2089 cum
1079 2032 1166 2089 stella
1180 2031 1298 2088 stellam

328 2114 446 2187 adtigit,
469 2113 522 2171 sed
540 2114 628 2172 etiam
640 2128 707 2171 curn
720 2112 986 2188 adpropinquavit.
1008 2112 1198 2172 intervallum
1210 2114 1297 2184 enim,
1323 2095 1329 2149 t

329 2198 412 2278 quod
428 2196 504 2254 inter
518 2196 596 2255 duas
611 2204 673 2268 est,
695 2197 871 2257 inlustratur
885 2198 1068 2269 abutraque
1082 2196 1296 2256 inflammatur·
1321 2179 1330 2301 E*

296 2285 388 2353 aque
409 2287 438 2338 et
459 2279 582 2352 longum
602 2280 702 2352 ignem
725 2281 828 2341 elficit.
869 2280 1060 2339 Hisxillud
1081 2281 1295 2352 responde·
1327 2347 1330 2360 ι

327 2378 422 2435 mua,
445 2369 558 2421 certum
574 2378 645 2422 esse
659 2379 816 2421 numerum
834 2364 987 2423 stellarum
1003 2362 1173 2433 mobilium,
1199 2364 1296 2422 solere
1321 2344 1330 2468 ξ

328 2452 428 2504 autern
448 2445 556 2504 eodem
577 2453 714 2519 tempore
735 2454 765 2506 et
785 2446 841 2507 has
862 2448 1012 2521 adparere
1033 2453 1062 2506 et
1078 2453 1225 2505 carneten.
1260 2462 1296 2504 ex

327 2529 384 2588 lroc
405 2529 595 2589 manifestum
614 2529 648 2589 lit
669 2546 728 2589 non
750 2530 867 2589 illarum
885 2531 965 2590 coitu
985 2529 1051 2587 lieri
1067 2538 1220 2602 cometen,
1243 2529 1296 2589 sed
1323 2511 1330 2551 fl

295 2614 482 2689 3proprium
505 2620 534 2673 et
554 2613 602 2672 sui
623 2612 697 2673 iuris
714 2629 794 2672 esse.
828 2614 1007 2672 Etiamnunc
1023 2614 1196 2686 frequentor
1211 2614 1296 2671 stella
1324 2600 1330 2635 l

247 2736 254 2749 s
327 2697 384 2756 sub
393 2696 514 2756 altioris
530 2698 636 2755 stellae
648 2696 808 2770 vestigium
819 2697 909 2756 venit
931 2705 961 2756 et
972 2695 1120 2755 Saturnus
1132 2695 1295 2770 aliquando

327 2796 421 2853 supra
442 2781 544 2839 louein
565 2786 613 2838 est
633 2787 663 2839 et
683 2780 766 2839 Mars
788 2779 939 2839 Venerem
961 2787 991 2838 et
1011 2779 1191 2837 Mercurium
1215 2786 1296 2837 recta
1325 2763 1330 2884 ἱ

326 2863 406 2922 linea
427 2862 571 2936 despicit,
596 2878 652 2921 nec
673 2870 770 2921 tamen
793 2871 918 2938 propter
937 2863 1017 2921 hune
1037 2863 1154 2921 illorum
1169 2878 1297 2922 concur

327 2961 415 3016 sum,
425 2959 492 3003 curn
507 2947 581 3005 alter
595 2946 719 3006 alterum
732 2946 827 3019 subit,
843 2953 977 3006 cometes
990 2947 1031 3005 fit.
1047 2946 1187 3019 'alioquin
1202 2945 1295 3004 omni·

325 3027 383 3086 bus
404 3028 492 3087 annis
513 3028 612 3087 fieret=
633 3027 774 3088 crnnibus
790 3029 870 3089 enirn
885 3031 1005 3104 aliquae
1022 3031 1127 3088 stellae
1142 3027 1172 3086 in
1189 3030 1296 3088 eodem

293 3121 310 3172 4
326 3111 413 3185 signo
429 3111 517 3172 sirnul
532 3118 611 3171 sunt.
646 3110 678 3171 Si
696 3120 834 3172 cometen
851 3116 963 3173 laceret
975 3114 1061 3172 stella
1073 3114 1178 3171 stellae
1190 3128 1296 3185 super·

327 3195 468 3266 veniens,
491 3201 646 3268 momento·
659 3212 730 3256 esse
745 3196 906 3256 desineret.
930 3213 1049 3255 summa
1060 3196 1138 3254 enirn
1152 3196 1296 3254 velocitas

325 3279 543 3345 transeuntium
564 3287 618 3339 est
648 3279 718 3339 ideo
737 3281 835 3341 omnis
851 3279 959 3340 sideris
975 3280 1105 3339 delectio
1121 3277 1223 3357 tarenis
1241 3286 1296 3348 est,

327 3362 398 3435 quia
418 3362 477 3422 cito
498 3362 565 3421 illas
585 3363 665 3422 idem
686 3378 813 3435 cursus,
842 3364 893 3438 qui
915 3364 1107 3435 admoverat,
1136 3360 1296 3420 abstrahit:

325 3446 465 3505 videmus
481 3446 577 3505 solem
592 3453 622 3505 et
636 3447 737 3506 lunam
753 3447 829 3506 intra
845 3446 986 3522 exiguum
1001 3453 1138 3521 tempus,
1160 3461 1229 3504 curn
1241 3444 1297 3501 ob·
1322 3481 1323 3486 κ

327 3530 443 3588 scurari
464 3535 645 3603 coeperunt,
674 3528 811 3589 liberarit
835 3537 948 3604 quanto
969 3530 1100 3589 celerior
1120 3529 1211 3587 debet
1226 3542 1297 3585 esse
1322 3567 1324 3590 2

326 3611 355 3669 in
372 3613 468 3671 stellis
483 3613 635 3687 dIgressio
651 3619 733 3674 tanto
749 3613 939 3673 minoribus?
964 3613 1047 3687 atqui
1063 3620 1199 3672 cometae
1213 3609 1298 3669 senis
1324 3632 1326 3682 l

326 3694 484 3756 mensibus
505 3702 636 3775 manent.
667 3697 751 3772 quod
771 3713 831 3759 non
852 3696 1019 3771 accideret,
1040 3695 1067 3756 si
1082 3696 1209 3756 duarum
1227 3696 1298 3763 stel·
1325 3693 1326 3719 ¹

1322 1706 1330 1714 ι.

1323 1759 1329 1814 l

1323 1835 1329 1882 l

1324 1926 1330 1966 r

1322 2009 1329 2049 t
