2942 4384
393 359 444 419 DE
465 358 676 420 BENEFIClIS
697 360 771 420 LlB.
783 360 833 419 111.
857 367 989 423 28-30.
1136 359 1177 424 53

203 525 265 571 sua
280 524 390 583 magno
405 509 502 582 gradu
516 510 632 569 transit.
669 508 792 567 Semina
806 510 939 569 omnium
951 525 1049 569 rerum
1063 521 1177 571 causae

204 601 278 653 sunt
296 603 324 650 et
344 600 441 651 tamen
458 591 597 650 minimae
614 599 714 665 parles
730 599 801 651 sunt
816 608 934 665 eorum,
952 609 1030 666 qnae
1042 595 1176 667 gignunt.

203 677 343 750 Adspice
364 676 517 746 Rhenum,
547 676 675 748 adspice
699 675 890 749 Euphraten,
917 692 1022 735 omnes
1045 677 1176 751 denique

169 756 173 760 ’
204 760 326 819 z'nclitos
348 773 468 817 artinas:
493 757 563 830 quid
581 766 665 828 sunt,
685 760 710 816 si
727 760 795 818 illos
811 759 870 817 illle
885 760 967 817 unde
983 759 1112 819 elllnunt
1126 776 1177 818 ae·

205 844 334 901 slimest
357 841 500 915 quiequid
517 848 640 913 estque
660 842 815 914 timentur,
840 859 900 914 ntro
917 844 1123 914 nominantur,
1146 844 1175 900 in

207 940 359 1000 processu
381 931 570 997 paraverunt.
592 927 634 997 ἡ
667 925 805 997 Adspice
822 925 938 994 trabes,
963 926 1027 985 sive
1045 927 1205 999 proceri-5

205 1016 296 1068 tatem
319 1007 478 1079 aestimes,
502 1008 679 1078 altissimae,
703 1008 768 1066 sive
785 1009 1016 1068 crassitudmem
1033 1011 1177 1083 spatium·

207 1107 268 1166 que
288 1106 457 1161 ramorum,
481 1089 628 1147 latissime
650 1091 751 1149 susas:
781 1094 956 1164 quantulum
978 1102 1026 1151 est
1042 1093 1089 1151 luis
1105 1109 1178 1151 con-

205 1180 346 1249 paratum
359 1174 446 1243 illud,
463 1174 544 1246 quod
558 1173 645 1230 radix
657 1176 737 1232 tenni
751 1174 828 1232 nura
840 1176 1060 1248 conplectitur?
1078 1177 1178 1249 †tolle

205 1258 357 1315 radicem:
387 1272 511 1334 nemora
532 1272 592 1314 non
612 1264 737 1329 surgent
752 1272 807 1313 nec
822 1258 899 1327 tanti¹
913 1265 1031 1316 triantes
1048 1260 1177 1317 vestien-

205 1342 300 1414 tur.†
331 1339 500 1398 Innituntur
521 1339 725 1398 fundamentis
747 1338 812 1397 suis
834 1342 947 1412 templa
969 1348 999 1399 et
1021 1341 1071 1399 illa
1092 1341 1177 1399 urbis

206 1423 344 1482 moenia=
368 1430 467 1481 maren
489 1438 568 1495 quac
589 1422 617 1480 in
639 1423 857 1481 firmamentum
875 1424 965 1482 lolius
982 1423 1084 1497 operis
1100 1427 1179 1484 iacta

206 1511 293 1576 sunt,
316 1506 416 1565 latent.
449 1506 531 1563 ldem
549 1506 577 1563 in
595 1507 702 1564 ceteris
719 1506 837 1564 evenit:
862 1507 1010 1581 principia
1027 1524 1083 1566 sua
1098 1520 1206 1574 sem-6

206 1603 411 1663 persequens
428 1589 601 1661 magnitudo
615 1589 730 1647 obruet.
754 1590 818 1648 Non
835 1590 1002 1663 potuissem
1016 1593 1179 1665 quicqua-m

206 1672 371 1745 consequi,
400 1671 457 1730 nisi
481 1678 638 1744 parenlum
659 1671 839 1731 beneficium
862 1674 1095 1734 antecessisset:
1122 1675 1179 1733 sed

207 1771 268 1814 non
290 1754 361 1813 ideo
380 1755 528 1828 quicquid
547 1763 731 1814 consecutus
748 1772 830 1824 sum,
854 1756 954 1815 minus
970 1765 1017 1816 est
1034 1774 1087 1829 eo,
1111 1758 1178 1816 sine

206 1855 269 1913 quo
292 1845 476 1896 consecutus
498 1854 559 1897 non
579 1854 690 1897 essem.
727 1839 791 1896 Nisi
811 1854 860 1896 me
878 1840 978 1897 nutrix
993 1840 1120 1899 aluisset
1135 1841 1207 1905 int

206 1924 334 1994 l'antem,
355 1920 427 1978 nihil
442 1936 563 1991 eorum,
586 1936 665 1994 quae
680 1921 807 1980 oonsilio
824 1937 961 1980 acmanu
973 1938 1062 1996 gero,
1078 1924 1180 1981 lacere

206 2004 377 2079 potuissem
389 2019 445 2061 nec
458 2003 485 2062 in
499 2004 577 2061 hanc
589 2019 746 2076 emergere
757 2003 889 2063 nominis
900 2005 1073 2075 claritatem,
1088 2022 1179 2078 quam

205 2088 286 2147 ciuili
309 2102 345 2145 ac
364 2087 482 2146 militari
507 2086 788 2147 industria·tnerui=
815 2088 964 2161 numquid
989 2095 1087 2146 lauien
1109 2088 1178 2147 ideo
1274 2147 1278 2154 ,

204 2170 347 2229 maximis
368 2169 512 2243 operibus
531 2173 686 2244 praeferes
703 2170 828 2229 nutricis
845 2171 1001 2233 olliciurnl
1028 2179 1079 2230 aul
1094 2169 1192 2244 quic'

206 2269 298 2328 quam
312 2253 453 2325 interest,
471 2269 539 2312 cum
551 2269 649 2327 aeque
661 2254 727 2312 sine
741 2254 834 2327 patris
846 2254 995 2313 beneficio
1009 2270 1100 2328 quam
1112 2255 1178 2314 sine

205 2336 333 2396 nutricis
354 2352 414 2395 non
438 2338 572 2409 potueris
593 2336 633 2395 ad
654 2337 797 2396 ulteriora
818 2338 1007 2411 procederet
1043 2338 1206 2410 Quodsis

205 2419 291 2478 initio
313 2434 382 2478 meo
398 2419 543 2493 quicquid
558 2419 616 2479 iam
633 2436 759 2493 possum
776 2422 890 2494 debeo,
914 2422 1014 2495 cogita
1031 2438 1091 2480 non
1107 2436 1179 2479 esse

205 2502 321 2561 initium
337 2503 396 2561 mei
412 2512 541 2575 patrem,
565 2519 621 2562 nec
637 2519 727 2562 avum
742 2504 873 2577 quidem.
899 2519 1022 2576 semper
1032 2505 1110 2560 enim
1124 2504 1180 2561 erit

206 2586 333 2644 ulterius
349 2586 479 2660 aliquid,
501 2602 540 2645 ex
556 2603 617 2660 qno
633 2586 759 2658 originis
776 2587 933 2659 proximae
949 2586 1035 2657 origo
1051 2584 1178 2642 descen·

207 2669 273 2727 dat«.
297 2670 380 2742 atqui
397 2685 485 2728 nemo
502 2669 582 2729 dicet
596 2685 643 2727 me
660 2669 729 2742 plus
741 2668 854 2727 debere
866 2669 975 2741 ignotis
988 2676 1017 2726 ει
1030 2669 1105 2726 ultra
1117 2682 1178 2725 rne-

206 2752 333 2810 moriam
350 2753 458 2825 positis
473 2753 638 2811 maioribus
655 2769 745 2825 quam
762 2744 849 2826 p‘alri.
873 2754 942 2826 plus
959 2759 1057 2811 aulem
1070 2751 1179 2824 dehac,

207 2833 235 2893 si
254 2834 315 2894 hoc
335 2836 450 2910 ipsum,
479 2836 565 2910 quod
586 2837 689 2910 genuit
708 2851 756 2895 me
778 2842 864 2910 pater
884 2852 985 2910 meus,
1013 2834 1178 2895 maioribus

189 2915 309 2993 debet.
856 2940 865 2957 ·

268 2999 360 3059 XXX.
383 3000 554 3075 „Quicquid
570 3002 704 3085 praestiti
722 3003 814 3076 patri,
833 3000 951 3061 etiamsi
967 3017 1107 3075 magnum
1124 3007 1208 3071 est‚l

208 3084 286 3141 inlro
295 3084 536 3144 aestimationem
550 3086 667 3159 paterni
679 3087 813 3144 muueris
824 3092 885 3155 est,
905 3086 977 3156 quia
993 3099 1053 3142 non
1066 3097 1178 3151 essem,

208 3166 232 3224 si
245 3180 306 3224 non
319 3168 508 3239 genuisset.“
522 3170 597 3242 ,Isto
610 3169 701 3228 modo
716 3168 814 3236 etiarn,
832 3168 856 3226 si
871 3166 939 3239 quis
953 3173 1067 3239 patrem
1079 3179 1179 3222 meum

208 3264 333 3322 aegrum
345 3265 381 3309 ae
393 3252 568 3312 moriturum
583 3252 750 3323 sanaverit,
770 3250 840 3307 nilril
854 3258 1010 3323 praestare
1022 3250 1048 3308 ei
1062 3254 1179 3321 potero,

210 3333 292 3407 quod
315 3349 376 3396 non
398 3335 548 3395 beneficio
571 3335 637 3394 eius
658 3335 758 3392 minus
774 3333 826 3392 sit:
850 3350 911 3393 non
928 3334 1006 3392 enim
1022 3331 1181 3405 genuisset

209 3430 255 3474 me
278 3423 379 3490 pater,
405 3419 462 3478 nisi
484 3427 609 3478 sanatus
631 3425 723 3476 esset.
760 3416 816 3475 sed
833 3418 916 3487 vide,
934 3432 972 3475 ne
988 3416 1061 3474 illud
1075 3414 1179 3473 verius

209 3496 247 3559 sit
257 3500 427 3573 aestimari,
443 3518 480 3561 an
496 3502 527 3561 id
539 3502 622 3575 quod
638 3499 721 3575 potui
738 3507 767 3559 et
781 3500 811 3558 id
829 3499 912 3573 quod
928 3498 1001 3570 leci,
1017 3514 1116 3558 meum
1133 3497 1180 3570 sit,

210 3587 343 3644 mearunt
361 3584 484 3660 virium,
502 3600 589 3646 meae
604 3583 777 3644 voluntatis.
805 3583 882 3643 lllud
899 3583 982 3655 qnod
997 3588 1087 3642 natus
1103 3588 1209 3654 suma
