2942 4384
269 437 310 500 aa
551 433 585 497 t.
609 436 755 497 anunm
775 389 952 497 suuucnn

270 598 334 667 gat,
356 588 479 662 cecidit,
503 590 688 650 detestamur
703 587 894 663 perniciosos
912 591 1059 649 malorum
1078 605 1245 653 munerum

238 684 421 735 tauctores.
450 676 489 734 Ut
510 671 648 747 lrigidam
669 673 769 747 aegris
789 673 936 747 negamus
957 681 987 733 et
1006 675 1182 748 lugentibus
1204 692 1244 737 ac

271 759 328 819 sibi
344 758 426 818 iratis
443 759 553 816 lerrum
569 756 807 837 autumantibus
823 755 970 831 quicquid
991 765 1097 817 contra
1117 774 1153 817 se
1167 776 1243 819 usu·

270 858 321 901 rus
337 843 428 902 ardor
449 842 536 915 petit,
560 840 604 898 sic
624 840 724 900 omnia
745 855 824 911 quae
845 841 981 898 nocitura
1001 848 1086 911 sunt,
1108 840 1242 916 inpense

270 941 306 983 ac
322 925 483 996 submisse,
497 939 724 997 nonnumquam
738 922 826 981 etiam
838 922 1046 983 miserabiliter
1060 925 1241 998 rogantibus

272 1007 537 1081 perseverabimus
551 1022 611 1067 nou
628 1008 710 1065 dare.
741 1006 814 1065 Cum
836 1005 918 1064 initia
934 1006 1151 1067 beneficiorum
1168 1026 1239 1069 suo

269 1108 335 1150 rum
361 1098 500 1165 spectare
521 1090 690 1150 tumeliam
712 1090 811 1149 exitus
836 1090 925 1148 decet
946 1097 976 1149 et
995 1106 1031 1149 ea
1047 1091 1135 1162 dare,
1160 1108 1239 1166 quae

237 1190 329 1242 gnon
346 1182 459 1233 tantum
477 1175 633 1248 accipere,
649 1172 703 1232 scd
718 1172 807 1232 etiam
818 1175 979 1247 accepisse
991 1173 1128 1233 delectet.
1154 1175 1239 1235 Multi

270 1265 340 1317 sunt
357 1259 406 1331 qui
423 1257 539 1317 dicant:
562 1257 647 1330 „scio
663 1256 721 1316 hoc
736 1257 778 1315 illi
794 1272 853 1315 non
871 1257 1077 1330 prolaturum,
1096 1256 1153 1316 sed
1166 1257 1238 1332 quid

270 1343 398 1401 faciam?
418 1350 521 1415 rogat,
542 1342 686 1401 resistere
701 1340 845 1415 precibus
861 1340 927 1399 elus
949 1356 1009 1400 non
1026 1356 1164 1413 possum.
1194 1339 1237 1400 vi-

260 1426 355 1485 ·derit.
385 1426 424 1484 de
439 1441 488 1495 se,
512 1426 627 1485 nonde
645 1428 882 1499 mequeretur.“
916 1424 1039 1482 Falsum
1059 1432 1120 1482 est=
1147 1421 1237 1484 immo

269 1509 307 1566 de
323 1519 351 1568 te
366 1517 395 1568 et
409 1508 514 1567 meritc
532 1508 667 1582 quidem,
690 1522 759 1566 cum
774 1506 957 1567 adurentem
979 1507 1089 1566 bonam
1103 1506 1237 1577 redierit,

269 1608 337 1651 cum
353 1592 492 1651 accessio
505 1591 571 1663 illa,
595 1605 674 1665 quae
689 1590 821 1649 animum
835 1590 1056 1660 inflammabat,
1071 1590 1236 1650 remiserit:

270 1674 377 1748 quidni
393 1691 461 1733 eum
477 1674 588 1746 oderit,
604 1690 621 1733 a
635 1691 696 1749 qno
711 1674 741 1733 in
760 1675 901 1736 damnum
917 1689 952 1731 ac
968 1673 1136 1746 periculum
1148 1690 1236 1733 suum

224 1758 390 1821 ¹ladiutus
405 1764 471 1818 estl
495 1758 622 1817 Exorari
636 1759 664 1816 in
678 1758 843 1832 perniciem
859 1757 1028 1831 rogantium
1044 1772 1139 1816 saeva
1152 1757 1243 1821 bonis

270 1850 316 1901 tas
339 1850 394 1901 est.
433 1841 688 1916 quemadmodum
703 1841 947 1917 pulcherrimum
968 1856 1048 1915 opus
1075 1847 1123 1899 est
1148 1841 1237 1899 etiam

269 1925 379 1985 invitos
396 1928 595 2001 nolentesque
610 1942 750 1999 servare,
773 1927 813 1986 ita
826 1925 1005 2001 rogantibus
1020 1923 1167 1998 pestilera
1179 1924 1238 1983 lar-

269 2008 325 2083 giri
345 2009 488 2069 blandum
509 2017 538 2070 et
562 2010 683 2070 affabile
704 2011 807 2071 odium
828 2017 884 2070 est.
915 2008 1104 2077 Beneficium.
1119 2009 1237 2081 demus

270 2094 351 2167 quod
368 2097 397 2152 in
413 2111 472 2153 usu
485 2094 583 2168 magis
598 2110 634 2153 ac
657 2094 755 2168 magis
771 2095 902 2167 placeat,
927 2093 1009 2167 quod
1025 2108 1192 2166 numquam
1207 2092 1238 2151 in

225 2219 227 2224 ,
268 2179 379 2236 malum
400 2185 504 2237 vertat.
536 2177 699 2237 Pecuniam
713 2193 772 2236 uon
789 2176 883 2247 dabo,
906 2193 995 2251 quarn
1011 2184 1238 2236 numeraturum

178 2305 187 2318 .
268 2261 425 2319 adulterae
445 2261 553 2331 sciam,
576 2260 654 2318 nein
675 2260 822 2320 societate
842 2261 939 2334 turpis
962 2258 1032 2319 lacti
1051 2266 1104 2318 aul
1118 2260 1238 2320 consilii

268 2342 413 2404 inveniar.
444 2343 470 2402 si
490 2350 611 2418 potero,
633 2344 802 2403 revocabo:
825 2344 980 2416 siminus,
1004 2359 1064 2403 riou
1082 2342 1237 2403 adiuvabo

183 2484 189 2499 ‚
236 2426 379 2494 §scelus
406 2424 478 2485 Sive
491 2427 573 2486 illum
589 2426 632 2485 ira
649 2444 710 2501 quo
728 2426 935 2489 nondebebat
948 2426 1077 2500 inpellit,
1093 2424 1160 2485 sive
1174 2442 1237 2485 am·

267 2509 390 2568 bitionis
415 2511 498 2568 calor
520 2510 642 2569 abducit
661 2509 782 2582 elutis,
802 2510 831 2567 in
852 2512 966 2569 nullum
988 2510 1098 2568 malum
1118 2510 1201 2569 vires
1219 2525 1238 2568 a

268 2602 364 2653 semet
379 2594 448 2667 ipso
473 2600 536 2666 [aut
551 2610 571 2653 c
585 2611 631 2653 me
644 2599 759 2669 petere]
783 2594 892 2667 patiar,
914 2593 1182 2667 neccommittam,
1206 2601 1238 2652 ut

269 2678 367 2751 possit
380 2678 564 2751 quandoque
580 2676 696 2736 diceres
711 2678 782 2750 „ille
794 2678 924 2737 amando
939 2692 987 2735 me
999 2674 1140 2736 occidit.“
1162 2674 1237 2733 Sae-

269 2776 308 2833 pe
322 2760 395 2818 nibil
411 2762 537 2819 interest
551 2761 628 2820 inter
643 2760 807 2820 amicorum
822 2777 948 2819 munera
965 2758 1140 2819 etthostlum
1156 2766 1237 2817 vota.

268 2843 412 2915 quicquid
428 2842 469 2900 illi
484 2842 624 2901 accidere
644 2849 764 2915 optant,
787 2844 814 2900 in
839 2843 870 2901 id
892 2843 998 2903 horum
1023 2840 1238 2914 intempestiva

268 2924 454 2997 indulgentia
475 2925 592 2998 inpellit
615 2932 706 2999 atque
731 2925 864 2984 instruit:
893 2927 965 3000 quid
991 2932 1092 2984 autem
1115 2924 1237 2998 turpius

268 3023 359 3081 quam
376 3008 458 3081 quod
474 3009 574 3067 evenit
596 3008 856 3084 frequentissime,
877 3017 911 3070 ut
932 3008 1004 3068 nihil
1026 3007 1143 3067 intersit
1158 3006 1238 3066 inter

268 3091 370 3149 odium
391 3097 420 3148 el
435 3092 637 3151 beneficium?
1074 3147 1076 3150 .

238 3183 252 3234 l
328 3174 394 3232 XV.
416 3174 624 3249 Numquam
647 3175 681 3234 in
704 3174 1166 3249 turpitudinemnoslram
1182 3188 1237 3232 re·

268 3258 399 3317 dilura
413 3259 636 3319 tribuamus.
666 3259 740 3318 Cum
755 3276 873 3333 summa
888 3258 1037 3319 amicitiae
1051 3258 1090 3317 sit
1106 3258 1238 3316 amicum

268 3340 324 3398 sibi
336 3356 478 3415 aequare,
492 3342 610 3417 utrique
622 3343 711 3402 simul
721 3343 943 3402 consulendum
955 3349 1017 3402 est:
1033 3340 1113 3400 dabo
1126 3339 1238 3413 egenti,

267 3424 324 3482 scd
338 3431 370 3483 ut
384 3426 526 3498 ipsenon
544 3440 658 3499 egeam.
687 3442 862 3485 succurram
881 3425 1029 3499 perituro,
1051 3424 1105 3483 sed
1120 3429 1152 3481 ut
1168 3424 1239 3496 ipse

267 3522 329 3565 nou
346 3524 484 3581 peream,
506 3506 564 3565 nisi
586 3509 612 3567 si
632 3510 750 3568 laturus
772 3523 824 3567 ero
840 3509 940 3581 magni
961 3506 1092 3567 hominis
1108 3512 1251 3565 autina·

234 3595 344 3661 agnae
361 3592 404 3649 rei
420 3598 547 3650 merces.
576 3591 695 3650 Nullum
716 3591 899 3651 beneficium
920 3592 1016 3663 dabo,
1039 3590 1123 3664 quod
1139 3588 1238 3663 turpi·

268 3678 314 3730 ter
331 3681 473 3746 peterem.
510 3689 566 3734 nec
582 3675 723 3749 exiguum
743 3674 876 3735 dilatabo
897 3690 954 3735 nec
968 3689 1079 3750 magna
1092 3687 1150 3749 pro
1165 3688 1237 3748 par-
