2942 4384
312 414 376 477 230
599 414 633 471 L.
654 412 802 471 ANNAEI
822 410 999 471 SENECAE
1082 460 1083 463 ,

312 566 443 625 maxime
458 564 487 622 iu
501 563 659 622 humorem
674 562 826 633 mutabilis
841 563 880 623 sit
893 569 988 636 terra,
1009 569 1060 623 aut
1073 560 1145 637 quia
1155 565 1287 625 maiores

314 651 344 707 in
365 656 481 707 remoto
504 648 616 705 imbres
638 648 711 720 siut,
735 664 865 720 quorum
887 663 967 721 aqua
983 662 1037 721 per
1050 656 1189 721 secretos
1206 650 1287 708 cuni-

283 734 398 794 aculos
425 731 544 789 reddita
567 730 657 788 tacite
677 730 863 790 adfunditur.
900 731 1001 789 tertia:
1030 731 1056 788 si
1081 732 1288 792 crebrioribus

311 817 410 875 ventis
436 814 544 874 ostium
566 814 701 872 caeditur
722 822 752 872 et
768 814 980 872 reverberatur
996 812 1104 884 fluctu,
1127 815 1226 873 amnis
1241 831 1288 873 re·

313 900 407 972 sistit,
430 898 481 973 qui
500 912 642 966 ,crescere
663 896 791 970 videtur,
816 898 963 969 quianon
983 896 1156 955 effunditur.
1181 904 1290 970 quarta

313 984 447 1041 siderum
462 981 537 1039 ratio
553 986 615 1037 est:
640 979 715 1038 haec
730 981 809 1038 enim
822 980 1005 1054 quibusdam
1018 981 1176 1039 mensibus
1190 982 1287 1053 magis

312 1072 470 1139 argentei
491 1063 672 1122 exhauriunt
693 1061 828 1122 flumina.
857 1079 925 1122 cum
946 1063 1066 1136 longius
1081 1072 1287 1136 recesserunt,

312 1150 412 1206 minus
434 1154 617 1206 consumunt
637 1154 727 1221 atque
748 1147 879 1205 trahunt.
911 1148 1014 1220 itaque
1036 1145 1120 1220 quod
1142 1148 1287 1221 inpendio

284 1232 446 1303 asolebab
470 1232 523 1303 [id]
546 1230 730 1289 incremento
749 1230 876 1289 accedit.
914 1229 1105 1303 Quaedam
1129 1230 1289 1290 flumina

313 1316 437 1390 palam
465 1315 500 1371 in
529 1315 698 1387 aliquem
725 1329 882 1387 specum
911 1314 1096 1372 decidunt
1123 1322 1152 1372 ct
1179 1316 1224 1372 sie
1250 1330 1289 1373 ex

314 1399 618 1467 oculisauleruntur,
642 1398 828 1471 quaedam
853 1404 1131 1456 consumuntur
1152 1400 1288 1471 paula-

313 1484 377 1540 lim
405 1491 435 1540 et
455 1480 646 1539 intercidunt.
680 1480 811 1538 eadem
840 1495 886 1538 ex
918 1481 1127 1539 intervallo
1154 1496 1287 1540 rever-

313 1572 446 1624 luntur
465 1562 677 1637 recipiuntque
692 1570 722 1621 et
737 1579 847 1621 nomen
863 1571 893 1622 et
908 1580 1040 1622 cursum.
1078 1563 1179 1621 Causa
1195 1564 1287 1622 maui-

313 1651 393 1707 lesta
407 1655 467 1706 est:
491 1647 548 1706 sub
565 1652 646 1704 terra
660 1653 749 1703 vacat
762 1648 859 1705 locus.
883 1648 980 1706 omnis
995 1654 1095 1704 autem
1111 1648 1220 1705 natura
1234 1648 1288 1706 hu·

312 1747 379 1790 mor
401 1730 440 1788 ad
462 1729 586 1788 interius
609 1736 638 1787 et
652 1729 691 1787 ad
706 1729 795 1787 inane
810 1730 952 1789 defertur.
980 1730 1031 1789 illo
1048 1728 1149 1803 itaque
1163 1738 1289 1804 recepta

313 1813 438 1872 flumme
460 1828 568 1871 cursus
590 1827 681 1884 egere
702 1820 836 1883 secreto,
861 1814 917 1872 sed
939 1828 1006 1872 cum
1027 1812 1157 1886 primum
1173 1812 1288 1888 aliquid

314 1896 418 1968 solidi,
449 1896 533 1970 quod
555 1896 704 1967 obstaret,
734 1895 880 1968 occurrit,
909 1902 1054 1970 perrupta
1079 1902 1179 1969 parte,
1209 1911 1289 1970 quae

312 1979 413 2039 minus
431 1980 471 2037 ad
486 1979 598 2037 exitum
613 1979 830 2058 repugnabat„
842 1981 992 2054 repetiere
1007 1995 1130 2038 cursum
1145 1996 1246 2040 suum.

283 2072 301 2124 4
395 2064 446 2123 Sic
460 2064 511 2122 ubi
522 2069 639 2122 terreae
653 2063 752 2137 Lycus
765 2070 809 2122 est
817 2070 936 2137 potatus
950 2064 1042 2135 biatu,

397 2149 512 2207 exsistit
522 2149 629 2220 procul
641 2148 711 2206 binc
726 2149 841 2219 alioque
854 2150 1020 2205 renascitur
1034 2163 1094 2206 ore.

396 2232 448 2290 Sic
462 2231 547 2289 medo
560 2229 737 2302 combibitur,
760 2233 847 2289 tacito
860 2231 945 2289 modo
956 2232 1074 2304 purpite
1086 2233 1191 2304 lapsas

396 2314 535 2373 redditur
549 2311 694 2385 Arpoticts
708 2316 811 2386 irpeas
824 2314 971 2372 Erasinus
984 2316 1015 2371 iu
1029 2314 1126 2372 uadis.

313 2396 397 2455 ldem
412 2402 442 2453 et
458 2396 486 2452 in
504 2394 624 2453 Oriente
639 2395 734 2468 Tigris
752 2396 834 2455 lacit:
857 2396 1037 2455 absorbetur
1052 2403 1082 2455 et
1093 2396 1287 2455 desideratus

314 2481 365 2538 diu
387 2479 508 2537 tandem
530 2494 547 2536 e
570 2479 659 2552 longe
680 2487 795 2538 remoto
819 2481 903 2551 loco,
927 2497 987 2556 non
1007 2487 1103 2538 tamen
1120 2478 1234 2539 dubius
1249 2495 1287 2537 an

284 2563 392 2627 sidem
412 2562 464 2634 sit,
488 2563 622 2636 enrelgit.
659 2562 786 2635 Quidam
808 2565 906 2622 lonles
926 2571 1007 2623 certo
1023 2571 1160 2636 tempore
1175 2578 1286 2636 purga-

313 2655 414 2705 menta
432 2646 575 2717 eiectant,
595 2653 627 2704 ut
641 2646 795 2704 Arethusa
811 2646 840 2704 in
857 2645 959 2704 Sicilia
975 2647 1079 2720 quinta
1097 2662 1222 2720 quaque
1237 2662 1286 2704 ae·

314 2737 391 2789 state
414 2746 468 2803 per
491 2727 641 2805 Olympia.
668 2729 740 2787 iude
761 2728 864 2802 opinio
885 2737 932 2789 est
951 2729 1092 2803 Alpheon
1110 2744 1150 2787 ex
1170 2728 1287 2787 Achaia

313 2829 350 2871 co
373 2828 471 2886 usque
494 2819 653 2884 penetrare
675 2818 704 2870 ct
724 2828 815 2890 agere
836 2813 894 2871 sub
909 2828 991 2871 mare
1008 2828 1130 2871 cursum
1146 2828 1205 2870 nec
1220 2818 1287 2870 ante

315 2911 404 2968 qrram
420 2896 449 2951 iu
464 2894 660 2970 Syracusano
673 2894 759 2953 litore
772 2912 941 2969 emergere=
964 2895 1096 2969 ideoque
1109 2894 1155 2953 his
1169 2895 1286 2965 diebuS,

314 2977 425 3051 quibus
449 2976 589 3052 Olympia
610 2984 695 3048 sunt,
721 2976 906 3037 victimarum
928 2986 1047 3038 stercus
1072 2979 1211 3037 secundo
1228 2984 1286 3036 tra·

286 3076 302 3129 6
315 3061 408 3119 ditum
425 3058 539 3118 flumini
556 3059 616 3118 illic
631 3061 811 3119 redundare.
845 3062 910 3122 Hoc
925 3070 955 3121 et
968 3078 986 3119 a
1002 3068 1031 3121 te
1045 3061 1187 3121 traditum
1198 3068 1246 3120 est
1257 3066 1288 3120 ui

313 3145 344 3202 iu
359 3152 506 3219 poemate,
525 3144 621 3203 Lucili
637 3144 808 3218 carissime,
831 3154 861 3206 ct
874 3161 893 3204 a
906 3144 1058 3219 Vergilio,
1081 3145 1133 3219 qui
1148 3144 1287 3217 adloqui·

313 3236 361 3287 tur
376 3228 576 3288 Arethusam:

438 3312 489 3371 Sic
503 3313 567 3383 tibi,
588 3327 654 3371 cum
666 3314 775 3385 fluctus
787 3313 886 3371 subter
899 3313 1000 3373 tabere
1012 3313 1145 3385 Sicanos,

333 3447 336 3453 .
436 3396 526 3455 Doris
539 3411 646 3453 umora
661 3412 731 3455 suas
747 3412 804 3455 riou
819 3399 1016 3455 intermisceat
1028 3399 1135 3455 uades.

313 3478 368 3538 Est
389 3479 417 3537 in
441 3479 632 3536 Chersoneso
652 3477 841 3538 Rhodiorum
863 3481 949 3548 fone,
980 3480 1031 3552 qui
1056 3487 1125 3553 posi
1145 3494 1288 3552 magnum

314 3562 502 3621 intervallum
518 3560 662 3634 temporis
679 3562 769 3620 foeda
785 3563 934 3635 quaedam
946 3562 1117 3623 turbinibus
1130 3578 1168 3621 ex
1184 3560 1288 3621 intimo

285 3644 433 3721 blandai,
457 3645 556 3705 donec
576 3642 721 3705 liberatus
745 3646 958 3721 eliquatusque
980 3653 1037 3707 est.
1078 3647 1145 3707 Hoc
1162 3646 1288 3721 quibus·
