2942 4384
308 402 371 495 aso
592 430 626 490 a.
647 431 794 491 111111
816 430 991 492 sanarat:

307 580 416 655 haesit,
428 579 605 641 absciditur.
627 580 736 640 deinde
748 598 815 640 corn
827 582 1010 657 ceciderunt,
1023 583 1123 644 solido
1134 589 1284 660 exceptae

307 664 448 725 resiliunt
468 680 553 724 more
576 664 671 738 pilae,
694 680 774 738 quae
790 680 857 723 cum
873 666 996 738 cecidit,
1019 669 1151 728 exsultat
1167 683 1204 743 ac
1218 684 1284 727 sac

307 750 378 824 pius
395 747 524 823 pellitur,
545 748 656 806 totiens
671 764 689 806 a
704 748 772 807 solo
787 748 816 806 in
832 764 944 807 novum
959 749 1094 823 inpetum
1108 750 1215 809 missa.
1253 750 1285 809 Si

307 847 382 890 vero
404 831 433 889 in
456 829 665 903 stagnantibus
687 830 776 904 aquis
798 830 898 890 delata
919 839 1001 904 siml,
1027 831 1077 891 hic
1102 833 1171 906 ipse
1193 848 1284 892 casus

307 914 408 973 vicina
430 912 564 974 concutit
580 911 688 986 fluctu,
713 929 802 987 quem
819 914 950 972 subitum
967 922 1148 989 vastumque
1163 915 1285 975 inhsum

308 1014 348 1057 ex
364 997 424 1056 alto
441 996 561 1070 pondus
577 995 695 1057 eiecit.“

252 1098 254 1104 ⁴
369 1080 418 1139 XI.
442 1079 598 1151 Quidam
616 1078 771 1151 ignibus
791 1078 944 1153 quidem
962 1079 1285 1153 adsignanthunc

308 1172 528 1231 tremorem,
552 1162 619 1220 sed
643 1162 767 1221 aliter.
805 1164 878 1221 Nam
894 1180 961 1222 cum
978 1163 1115 1236 pluribus
1130 1162 1208 1223 locis
1224 1164 1283 1222 ler-

307 1251 414 1317 veant‚
436 1260 565 1303 necesse
580 1250 627 1303 est
644 1247 795 1317 ingentem
810 1262 956 1320 vaporem
972 1248 1039 1305 sinc
1050 1246 1136 1306 exitu
1149 1247 1284 1319 volvant,

310 1330 361 1403 qui
377 1329 405 1387 vi
421 1344 477 1388 sua
493 1326 632 1401 spiritum
647 1327 775 1388 intendit
788 1337 833 1401 et,
855 1330 882 1388 si
897 1329 997 1388 acrius
1014 1328 1118 1402 instet,
1140 1330 1285 1403 opposita

309 1412 456 1484 dillindit,
480 1411 593 1470 sivero
611 1412 768 1470 remissior
783 1412 852 1483 luit,
875 1411 947 1470 nihil
963 1413 1094 1486 amplius
1110 1428 1201 1486 quarn
1219 1427 1284 1471 nro·

308 1504 368 1555 vet.
409 1495 558 1554 Videmus
580 1509 691 1568 aquam
713 1510 857 1568 spumare
877 1496 946 1568 igne
968 1495 1120 1554 subiectae
1146 1495 1231 1568 quod
1254 1495 1284 1554 in

308 1579 367 1638 hac
390 1595 470 1653 aqua
491 1578 562 1636 lacit
576 1578 694 1636 inclusa
709 1585 740 1637 et
754 1584 898 1651 angusta,
921 1579 1014 1637 multo
1029 1578 1127 1652 magis
1142 1578 1227 1637 illum
1241 1579 1283 1637 la-

309 1678 379 1722 cere
401 1660 577 1733 credamus,
600 1676 669 1718 cum
690 1660 841 1720 violentus
860 1676 897 1719 ac
910 1668 1016 1720 vastus
1031 1661 1170 1735 ingentes
1186 1677 1284 1735 aquas

309 1746 429 1803 excitat.
453 1751 522 1802 tunc
538 1742 587 1800 ille
598 1744 800 1816 vaporatione
814 1742 1022 1805 fluctuantium
1036 1744 1187 1804 undarum
1200 1744 1284 1819 quic·

310 1828 384 1902 quid
401 1825 580 1899 pulsaverit,
603 1825 741 1899 agitatur.

281 1922 297 1971 1
370 1910 434 1968 XII.
458 1907 642 1982 Spiritum
663 1924 767 1984 esse,
791 1910 1033 1985 quimoveat,
1055 1909 1284 1984 etplurimis

310 2000 345 2053 et
369 1990 546 2051 maximis
575 1992 804 2053 auctoribus
835 1995 976 2070 placet.
1016 1993 1187 2053 Archelaus
1210 1994 1284 2052 anti·

311 2076 432 2151 quitatis
454 2073 583 2147 diligens
606 2074 647 2134 ait
667 2076 722 2135 ita:
747 2076 857 2151 „Venti
871 2076 902 2136 in
918 2092 1054 2136 concava
1069 2082 1218 2135 terrarum
1233 2076 1284 2135 de·

309 2160 456 2219 leruntur.
489 2158 600 2216 deinde
620 2157 672 2217 ubi
692 2160 752 2217 iam
773 2161 874 2220 omnia
896 2160 995 2234 spatia
1018 2161 1108 2232 plena
1125 2167 1196 2219 sunt
1211 2166 1242 2218 61
1254 2158 1284 2217 in

311 2250 456 2318 quantum
473 2256 525 2299 aer
541 2242 652 2314 potuit,
675 2242 822 2301 densatus
837 2251 899 2315 est,
923 2244 949 2302 is
966 2241 1017 2317 qui
1030 2240 1210 2315 supervenit
1223 2242 1284 2316 spi·

308 2327 399 2398 ritus,
419 2325 553 2398 priorem
571 2324 679 2397 premit
692 2331 721 2383 et
735 2325 819 2386 elidit
835 2342 872 2385 ac
886 2326 1096 2399 frequentibus
1112 2326 1212 2399 plagis
1224 2325 1284 2399 pri·

281 2420 359 2473 amo
382 2408 476 2481 cogit,
506 2404 617 2464 deinde
640 2407 804 2479 perturbat.
840 2411 923 2468 Tunc
944 2410 994 2467 1116
1011 2422 1161 2482 quaerens
1184 2409 1284 2467 locum

310 2506 417 2551 omnes
441 2489 597 2563 angustias
619 2490 753 2550 dimovet
773 2498 803 2550 61
823 2493 956 2551 claustra
971 2507 1027 2551 sua
1042 2498 1168 2550 conatur
1183 2490 1284 2549 6111111-

309 2589 398 2649 gere:
421 2573 466 2632 sic
481 2571 597 2645 evenit,
618 2580 650 2631 ut
664 2579 761 2633 terrae
774 2574 881 2648 spiritu
892 2578 1024 2634 luctante
1036 2581 1064 2632 et
1075 2576 1177 2647 lugam
1191 2589 1284 2647 quae·

309 2664 395 2716 rente
417 2661 605 2715 moveantur.
638 2656 745 2730 ltaque
768 2674 837 2717 cunr
858 2666 956 2717 terrae
975 2665 1075 2716 motus
1094 2657 1213 2716 laturus
1228 2663 1283 2727 est,

309 2740 467 2815 praecedit
481 2738 559 2797 aeris
580 2741 781 2814 tranquillitas
799 2748 829 2799 et
845 2742 948 2816 quies:
971 2740 1128 2813 videlicet,
1151 2738 1284 2813 quiavis

310 2824 452 2897 spiritus,
468 2837 547 2896 quae
562 2822 715 2882 concitare
730 2831 837 2882 ventos
855 2825 949 2897 solet,
969 2824 999 2881 in
1014 2824 1131 2881 inlerna
1147 2822 1224 2881 sede
1238 2838 1285 2881 16·

309 2906 449 2965 11161111.“
485 2905 570 2964 Ν1116
586 2922 708 2979 quoque
729 2922 796 2966 oum
814 2906 863 2965 hic
877 2915 978 2966 motus
994 2906 1022 2964 in
1039 2905 1205 2979 Campania
1220 2904 1284 2976 luit,

311 2985 452 3061 quamvis
463 2986 591 3046 hiberno
605 2994 742 3062 tempore
755 2998 785 3049 et
796 2989 946 3063 inquieto,
963 3005 1017 3063 per
1028 2988 1206 3062 superiores
1218 2987 1285 3047 dies

283 3072 399 3140 acoelo
415 3085 468 3128 aer
483 3069 572 3128 stetit.
609 3070 686 3142 Quid
702 3078 798 3145 ergot
819 3089 983 3147 numquam
999 3071 1090 3131 llante
1104 3078 1196 3130 vento
1207 3076 1287 3128 terra

312 3168 466 3213 concussa
487 3159 554 3212 esti
587 3154 761 3213 Admodum
782 3171 852 3214 raro
875 3158 935 3215 duo
955 3155 1043 3214 simul
1060 3153 1174 3213 flavere
1188 3154 1287 3212 venti:

310 3238 377 3296 11611
399 3244 497 3296 tamen
522 3244 551 3296 61
571 3243 673 3310 potest
688 3245 717 3296 61
732 3239 819 3299 solet.
848 3239 933 3312 quod
948 3237 974 3297 si
989 3238 1152 3312 recipimus
1166 3243 1197 3296 et
1214 3252 1287 3295 con·

312 3328 372 3380 stat
393 3321 471 3380 duos
485 3328 594 3380 ventos
611 3336 675 3379 rem
691 3321 779 3381 simul
796 3337 917 3395 gerere:
938 3320 1046 3395 quidni
1059 3320 1200 3379 accidere
1213 3335 1288 3394 pos·

312 3404 365 3476 sit,
388 3409 421 3463 ut
436 3405 512 3461 alter
526 3404 715 3477 superiorem
731 3408 802 3463 aera
817 3406 923 3478 agitet,
944 3405 1019 3463 alter
1033 3404 1183 3463 inlerumi

249 3521 253 3529 ·
283 3496 299 3546 1
372 3486 449 3544 Xlll.
471 3486 504 3544 In
520 3486 577 3544 hae
593 3488 742 3547 sententia
756 3487 826 3547 11661
839 3503 938 3563 ponas
949 3487 1143 3556 Aristotelem
1154 3492 1185 3543 et
1196 3484 1289 3544 disci-

311 3569 417 3643 pulum
437 3569 503 3628 eius
519 3569 779 3644 Theophrastum,
801 3586 862 3630 non
876 3578 910 3629 ut
925 3570 1050 3629 Graecis
1067 3570 1165 3629 visum
1182 3573 1230 3627 est
1244 3566 1289 3627 di·

310 3653 388 3726 vini,
411 3660 511 3713 tamen
533 3660 562 3712 et
582 3654 679 3715 dulcis
702 3655 817 3729 eloquii
836 3653 930 3713 virum
947 3660 977 3713 et
991 3654 1076 3713 nitidi
1091 3653 1158 3712 sine
1172 3651 1288 3712 labore.
