2942 4384
317 474 359 539 82
603 473 637 534 L.
658 472 805 532 ANNAEI
827 470 1003 532 SENECAE

316 626 495 705 peregrinus
510 624 694 702 adparuistia
715 642 777 685 non
800 631 848 684 est
861 623 932 684 mihi
947 639 1015 684 cum
1030 631 1158 685 externo
1173 639 1286 686 connu-

284 713 408 772 2bium.
442 712 548 770 eadem
568 725 619 768 res
639 725 687 767 me
707 708 843 768 defendit
863 724 942 783 quae
963 714 1054 768 vetat.
1090 709 1177 768 Tunc
1197 709 1286 768 fidem

317 796 431 864 taliam,
448 802 518 853 tune
533 790 754 851 inconstantiae
770 792 881 852 crimen
893 791 1028 863 audiam,
1045 792 1085 864 si,
1101 807 1171 851 cum
1187 792 1288 851 omnia

315 879 424 937 eadem
448 877 509 935 sint
530 890 616 949 quaa
631 881 717 933 erant
731 875 923 950 promittente
940 890 1003 946 me,
1026 891 1087 933 non
1103 875 1287 948 praestitero

315 960 517 1035 promissumz
538 959 672 1030 alioquin
694 958 839 1032 quioquid
859 964 1004 1031 mutatur,
1026 958 1197 1016 libertatem
1221 957 1288 1017 iacit

234 1049 238 1066 “
315 1045 354 1102 de
376 1046 492 1115 integro
515 1041 694 1101 consulendi
717 1051 747 1100 ει
761 1057 808 1099 me
823 1040 884 1099 fide
899 1040 1013 1102 liberat.
1046 1040 1177 1099 Promisi
1193 1041 1287 1100 advo-

315 1127 479 1185 cationem:
509 1132 618 1198 postea
643 1125 784 1197 adparuit
808 1138 864 1197 per
887 1124 968 1182 illam
990 1138 1115 1182 causam
1137 1122 1287 1198 praeiudi·

254 1227 256 1231 ·
315 1210 393 1268 cium
415 1209 444 1266 in
465 1216 694 1283 patremmeum
716 1208 831 1281 quaeri.
862 1205 988 1281 promisi
1008 1222 1056 1264 me
1077 1221 1208 1279 peregre
1228 1220 1288 1266 una

315 1292 479 1351 exiturumz
508 1292 563 1350 sed
584 1290 640 1349 iter
658 1290 794 1350 infestari
810 1286 973 1349 latrociniis
991 1289 1150 1350 nuntiatur.
1180 1287 1212 1347 in
1226 1304 1288 1347 rem

315 1381 507 1449 praesentem
533 1382 678 1433 venturus
705 1374 762 1432 fui:
789 1372 846 1432 sed
870 1387 962 1446 aeger
982 1372 1062 1432 filius
1083 1378 1114 1431 et
1135 1387 1288 1446 puerpera

281 1470 298 1524 3
313 1473 391 1517 uxor
406 1465 495 1517 tenet.
512 1457 618 1515 Omnia
633 1472 704 1515 esse
718 1455 838 1527 debent,
852 1470 931 1529 quae
944 1456 1063 1514 suerunt
1078 1471 1148 1514 cunr
1164 1456 1287 1537 promit-

315 1549 424 1612 terem,
445 1546 478 1600 ut
498 1537 698 1612 promittentis
719 1539 811 1597 iidem
833 1544 949 1597 teneas.
981 1554 1060 1611 quae
1075 1544 1176 1597 autem
1193 1539 1289 1597 maior

313 1623 378 1682 iteri
395 1623 515 1680 mutatio
529 1628 645 1695 potest,
663 1638 753 1696 quarn
769 1622 795 1681 si
810 1628 839 1680 te
855 1622 966 1679 maium
981 1620 1076 1679 virum
1093 1628 1123 1680 ει
1138 1621 1287 1693 ingratum

314 1703 460 1777 conperit
490 1706 573 1778 quod
594 1710 747 1779 tamquam
770 1705 862 1778 digno
878 1704 1003 1776 dabam,
1026 1704 1151 1777 indigno
1166 1704 1286 1777 negabo

314 1795 344 1847 et
358 1788 510 1846 irascendi
527 1802 650 1862 quoquc
665 1803 788 1846 carisam
802 1787 922 1847 habebo
940 1788 1098 1859 deceptus.

284 1876 299 1925 1
376 1870 509 1928 XXXVI.
543 1870 705 1944 Inspiciam
731 1877 829 1929 tamen
856 1878 886 1929 ει
911 1878 1054 1944 quantum
1081 1869 1135 1941 sit,
1160 1869 1285 1945 dequo

315 1953 429 2027 agitura
455 1952 633 2012 dabitmibi
654 1953 813 2013 consitium
836 1953 1007 2028 promissae
1030 1952 1075 2011 rei
1099 1952 1223 2011 modus.
1254 1951 1284 2011 Si

252 2114 253 2117 Ἴ
315 2038 457 2110 exiguum
478 2043 539 2109 est,
561 2036 656 2109 dabo,
679 2053 738 2096 non
760 2038 832 2111 quia
852 2036 962 2109 dignus
983 2051 1032 2106 es,
1055 2035 1110 2093 sed
1127 2034 1200 2109 quia
1216 2027 1288 2110 pro-¹

314 2119 392 2179 misi.
415 2127 636 2193 rectamqumn
648 2136 757 2179 munos
769 2120 864 2191 dabo,
880 2119 936 2177 sed
949 2119 1043 2178 verba
1057 2132 1125 2176 mea
1138 2117 1284 2177 redimam

315 2210 344 2261 ει
362 2219 465 2261 aurem
479 2202 552 2260 mihi
575 2203 747 2277 pervellem.
779 2203 889 2262 damno
910 2200 1067 2275 castigabo
1083 2199 1283 2274 promittentis

313 2285 525 2343 temeritatem:
542 2300 634 2357 „ecce
646 2292 679 2344 ut
693 2284 794 2343 doleat
808 2285 875 2359 tibi,
892 2292 925 2344 ut
940 2292 1048 2359 postea
1062 2282 1283 2344 'consideratius

281 2381 298 2431 2
313 2368 457 2441 loquaris,
469 2368 567 2440 (quod
580 2367 681 2426 dicere
693 2369 852 2441 solemus)
864 2368 1041 2441 linguarium
1054 2367 1167 2427 dabo.“
1181 2366 1215 2426 Si
1225 2381 1283 2425 ma-

313 2450 362 2509 ius
375 2452 444 2521 erit,
460 2465 519 2508 non
533 2451 728 2523 committam,
745 2452 1000 2528 quemadmodum
1010 2449 1175 2509 Maecenas
1186 2449 1242 2523 ait,
1255 2454 1285 2508 at

312 2536 441 2593 sestertio
458 2537 565 2593 centies
580 2536 749 2609 obturantes
764 2536 827 2594 sim.
853 2534 929 2593 inter
946 2548 1017 2593 sese
1034 2532 1114 2591 enim
1125 2538 1283 2607 utrumque

314 2616 499 2692 conparabo.
529 2617 584 2676 Est
598 2618 725 2692 aliquid,
744 2618 773 2675 in
796 2634 833 2677 eo
850 2617 933 2691 quod
948 2615 1125 2692 promiseris
1142 2628 1283 2689 perseve-

312 2709 390 2759 rare.
413 2708 460 2763 est
470 2717 576 2761 rursus
589 2702 712 2761 muitum
727 2699 757 2759 in
770 2716 822 2775 eo,
833 2716 872 2759 ne
884 2700 1008 2775 indigno
1022 2698 1204 2757 beneficium
1219 2698 1282 2757 des.

312 2783 372 2841 boc
387 2791 487 2842 tamen
504 2791 648 2857 quantum
663 2790 729 2843 esti
756 2784 782 2842 si
799 2785 881 2854 leve,
904 2783 1129 2842 conniveamus.
1164 2783 1191 2841 si
1212 2795 1282 2840 roro

314 2881 423 2938 magno
439 2865 511 2923 mibi
525 2872 578 2924 aut
596 2866 776 2925 detrimento
791 2875 842 2926 aut
858 2866 962 2925 rubori
977 2869 1125 2938 futurum,
1139 2866 1220 2923 maio
1236 2878 1281 2922 εε-

311 2949 371 3005 'mei
388 2962 552 3019 excusare,
578 2964 673 3023 quare
693 2949 883 3023 negaverim,
909 2966 1001 3023 quam
1022 2964 1163 3021 semper,
1190 2960 1282 3021 quare

280 3045 297 3099 3
313 3030 458 3089 dederim.
481 3031 604 3104 Totum,
620 3032 757 3105 inquam,
773 3033 802 3091 in
818 3048 855 3093 eo
871 3039 931 3105 εει,
949 3032 1051 3106 quanti
1066 3028 1211 3106 promissi
1226 3027 1282 3087 mei

310 3114 405 3173 verba
429 3122 584 3173 taxentur:
616 3132 676 3176 non
696 3122 811 3176 tantum
832 3115 914 3190 quod
937 3122 1049 3174 temere
1071 3113 1196 3188 promisi
1216 3110 1284 3171 reti·

310 3196 399 3269 nebo,
418 3199 472 3257 sed
490 3200 570 3271 quod
586 3215 647 3259 non
663 3206 746 3258 recte
761 3198 831 3259 dedi
845 3205 990 3273 repetam.
1011 3198 1137 3257 demens
1152 3202 1216 3269 εει,
1232 3193 1282 3268 qui

310 3281 402 3340 iidem
420 3289 555 3354 praestat
569 3283 674 3342 errori.

279 3384 294 3433 1
372 3363 518 3422 XXXVII.
547 3363 705 3440 Phiiippus
720 3364 922 3424 Macedonum
942 3380 997 3424 rex
1012 3362 1145 3424 babebat
1160 3360 1282 3420 mititem

312 3448 543 3518 manufortem,
568 3448 653 3507 cuius
672 3449 703 3507 in
724 3449 824 3507 multis
844 3447 1088 3521 expeditionibus
1109 3446 1211 3505 utitem
1231 3458 1282 3501 ex-

311 3536 417 3602 pertus
444 3545 567 3604 operam
593 3529 723 3590 subinde
754 3547 793 3589 ex
818 3531 933 3605 praeda
957 3529 1070 3605 aliquid
1098 3528 1140 3588 itti
1165 3524 1283 3586 virtutis

312 3626 407 3669 causa
428 3613 596 3672 donaverat
617 3621 646 3673 et
666 3613 819 3674 bominem
832 3612 949 3672 venatis
964 3614 1081 3672 animae
1098 3610 1215 3671 crebris
1231 3625 1282 3668 au·

311 3698 504 3756 moramentis
527 3696 720 3756 accendebat.
753 3698 810 3757 liic
831 3697 996 3771 naufragus
1017 3697 1047 3756 iu
1062 3692 1282 3772 possessiones
