2942 4384
411 448 551 511 unum.
568 448 729 524 quassa.
751 448 885 510 amru.
906 423 964 513 ar?
1106 448 1169 512 aaa

191 612 314 679 runtur,
335 603 388 664 ubi
410 619 465 679 per
483 602 665 677 campestria
679 601 779 661 lluens
793 601 918 663 Rhenus
934 618 973 661 ne
987 603 1088 678 spatio
1103 605 1168 679 qui·

193 692 265 749 dem
280 688 458 761 languidus,
483 687 539 745 sed
555 687 718 745 latissimas
734 687 817 745 velut
829 701 884 760 per
896 694 1058 761 angustum
1071 703 1169 761 aquas

192 775 309 849 inpleti
336 786 405 831 cum
419 769 576 829 Danubius
598 784 659 827 non
680 770 740 826 iam
760 768 882 828 radices
899 784 956 828 nec
970 770 1070 828 media
1084 787 1168 829 mon-

193 856 268 916 tium
283 852 416 927 stringit,
441 853 496 911 sed
511 851 581 925 iuga
595 852 664 927 ipsa
678 852 820 912 sollicitat
834 854 935 911 lerens
951 868 1055 911 secum
1068 854 1169 911 mude-

193 940 275 999 iacta
286 937 433 997 montium
443 938 537 995 latera
548 950 705 1008 rupesque
717 935 862 994 disiectas
872 945 901 995 et
912 951 1086 1009 magnarum
1100 952 1170 1009 pro·

192 1019 347 1081 muntoria
364 1018 538 1092 regionum,
561 1034 640 1091 quae
659 1014 864 1077 fundamentis
879 1018 1049 1078 labantibus
1064 1035 1083 1076 a
1098 1034 1169 1077 con-

192 1105 300 1164 tinenti
318 1108 520 1161 recesserunt.
542 1101 653 1159 deinde
669 1117 728 1160 non
745 1101 904 1160 inveniens
920 1103 1047 1175 exitum,
1071 1102 1169 1160 onrnia

193 1188 277 1247 enim
297 1187 365 1260 ipse
386 1184 443 1244 sibi
466 1186 687 1259 praecluserat,
709 1186 738 1242 in
761 1186 865 1245 orbem
884 1185 976 1256 redit,
999 1190 1048 1257 [et]
1065 1186 1168 1257 ingen·

191 1277 254 1329 tem
271 1276 417 1328 terrarum
433 1268 576 1327 ambitum
592 1273 682 1341 atque
697 1267 815 1327 urbium
830 1284 892 1328 uno
904 1268 1019 1327 vortice
1033 1267 1170 1326 involvit.

193 1352 318 1413 Interim
339 1357 521 1425 permanant
537 1350 664 1423 imbres,
686 1351 720 1410 fit
735 1353 853 1410 coelum
868 1351 992 1423 gravius
1007 1366 1044 1408 uc
1059 1350 1104 1409 sic
1119 1351 1212 1409 diulo

192 1438 308 1495 malum
322 1450 361 1493 ex
375 1435 454 1493 malo
470 1434 629 1507 colligitur.
651 1434 736 1507 quod
752 1435 821 1493 olirn
839 1435 936 1493 iuerat
947 1434 1091 1504 nubilum,
1108 1450 1168 1493 nox

193 1526 243 1577 est
258 1524 289 1577 et
304 1518 425 1592 quidem
439 1516 563 1576 horrida
577 1532 613 1574 ac
628 1516 769 1575 terribilis
784 1518 955 1575 intercursu
969 1515 1090 1574 luminis
1102 1515 1169 1574 diri.

194 1600 305 1661 crebra
327 1601 404 1659 enirn
426 1600 539 1658 micant
560 1598 684 1658 fulmina
703 1600 919 1674 procellaeque
935 1600 1071 1673 quatiunt
1087 1614 1170 1657 mare

192 1692 268 1744 tunc
282 1684 410 1757 primurn
428 1690 546 1741 auctum
562 1681 717 1741 fluminum
733 1698 864 1742 accessu
878 1690 908 1741 ct
922 1680 980 1741 sibi
992 1688 1169 1755 angustum:

191 1764 254 1825 iam
276 1766 354 1825 enim
375 1772 536 1839 promovet
549 1765 619 1824 litus
635 1781 691 1824 nec
707 1766 877 1826 continetur
892 1766 956 1825 suis
971 1766 1097 1839 linibus,
1114 1764 1171 1823 sed

191 1847 358 1923 prohibent
375 1848 463 1907 exire
482 1855 632 1908 torrentes
652 1857 807 1922 aguntque
832 1848 958 1908 fluctum
978 1854 1075 1907 retro:
1097 1863 1170 1921 pars

191 1939 297 1991 tamen
318 1932 416 1990 maior
437 1939 469 1991 ut
489 1930 622 2004 maligno
639 1931 717 1990 ostio
734 1938 852 1990 retenta
865 1937 1020 2004 restagnat
1035 1938 1065 1990 et
1079 1946 1170 2003 agros

192 2015 225 2074 in
242 2014 369 2073 formam
384 2014 474 2073 unius
489 2014 575 2072 lacus
590 2014 708 2087 redigit.
741 2014 805 2072 lam
821 2013 935 2084 omnia,
960 2029 1021 2085 qua
1035 2011 1170 2086 prospici
1180 2021 1210 2072 ll

186 2103 301 2174 potest,
317 2097 405 2170 aquis
419 2096 610 2156 obsidentur:
635 2095 734 2155 omnis
747 2098 881 2156 tumulus
893 2096 922 2154 in
935 2096 1088 2171 prolundo
1100 2096 1172 2153 latet

192 2188 224 2240 et
244 2181 384 2239 inmensa
402 2180 516 2254 ubique
537 2179 661 2238 altitudo
683 2186 739 2239 est.
768 2186 882 2239 tantum
898 2178 928 2237 in
945 2178 1071 2238 summis
1087 2193 1185 2236 mon·

193 2263 272 2322 tium
292 2261 372 2336 iugis
393 2263 471 2321 vada
492 2270 570 2322 sunt.
608 2262 640 2322 In
662 2278 698 2322 ea
721 2261 955 2335 [excelsissima]
979 2277 1046 2320 cum
1067 2260 1171 2319 liberis

194 2344 441 2419 coniugibusque
461 2346 603 2418 sugerunt
624 2346 699 2405 actis
720 2355 791 2405 ante
812 2362 846 2406 se
867 2345 1031 2419 gregibus:
1061 2344 1170 2403 direm-

193 2436 280 2503 ptum
300 2429 377 2486 inter
397 2428 526 2487 miseros
548 2429 762 2489 commercium
783 2446 819 2488 ac
839 2428 999 2500 transitus,
1028 2427 1170 2502 quoniam

192 2511 341 2587 quicquid
356 2510 540 2570 submissius
557 2518 635 2583 erat,
659 2512 689 2569 id
705 2512 787 2571 unda
804 2512 965 2586 conplevit.
995 2508 1170 2569 editissimis
1182 2512 1213 2563 ta

193 2594 370 2669 quibusque
385 2593 595 2672 adhaerebant
605 2595 754 2669 reliquiae
768 2595 889 2667 generis
904 2593 1041 2664 humani,
1060 2592 1171 2665 quibus

193 2676 224 2737 in
248 2685 383 2736 extrema
404 2677 560 2751 perductis
574 2676 634 2737 hoc
649 2694 742 2737 unum
758 2677 867 2736 solatio
883 2677 951 2748 luit,
975 2675 1056 2750 quod
1073 2683 1170 2754 trans

193 2759 272 2821 ierat
291 2760 320 2818 in
338 2768 495 2834 stuporem
510 2768 628 2820 metus:
648 2777 708 2820 non
722 2760 852 2819 vacabat
864 2760 969 2819 timere
983 2756 1170 2827 mirantibus,

192 2858 234 2901 ne
255 2843 343 2903 dolor
365 2843 486 2917 quidem
507 2843 608 2902 locum
626 2844 771 2914 habebat,
795 2844 910 2917 quippe
923 2843 984 2901 vim
1000 2856 1087 2900 suam
1104 2854 1170 2914 per·

193 2926 240 2984 dit
259 2924 289 2983 in
311 2942 365 2999 eo,
387 2926 438 3001 qui
458 2926 537 2986 ultra
557 2943 683 2987 sensum
703 2926 774 2986 mali
794 2926 958 2987 miserest.
989 2924 1072 3000 Ergo
1089 2924 1171 2983 insu·
1181 2928 1214 2981 13

193 3010 292 3069 larum
308 3010 399 3068 modo
415 3008 549 3069 eminent

372 3099 482 3152 montes
495 3100 524 3152 et
535 3110 657 3168 sparsas
672 3094 820 3168 Cycladas
837 3100 952 3165 augent,

192 3183 228 3234 ut
248 3174 289 3233 ait
309 3174 358 3234 ille
381 3182 537 3251 poetarum
559 3176 824 3249 ingeniosissimus
844 3174 982 3248 egregie,
1004 3174 1083 3232 sicut
1096 3171 1172 3231 illud

193 3273 253 3333 pro
269 3258 476 3332 magnitudine
490 3260 535 3318 rei
551 3258 640 3318 dixit:

265 3346 368 3401 omniu
379 3349 487 3416 pontus
501 3349 599 3413 erant,
623 3342 749 3400 deerunt
759 3354 873 3413 quoque
885 3340 974 3398 litora
986 3342 1084 3413 ponto,

192 3421 253 3483 nisi
275 3430 390 3483 tantum
410 3426 546 3499 inpetum
567 3422 680 3499 ingenii
701 3429 731 3481 ct
750 3420 895 3482 materiae
915 3422 954 3481 ad
975 3420 1107 3497 pueriles
1125 3418 1169 3477 in-

193 3506 295 3583 eptias
311 3508 502 3568 reduxisset:

269 3596 325 3650 nul
336 3594 424 3666 lupus
440 3595 518 3651 inter
532 3608 611 3662 oues,
629 3590 730 3663 sulcos
744 3591 822 3649 veluit
834 3589 917 3649 undu
931 3590 1038 3647 teones.

191 3674 260 3733 Non
275 3680 323 3735 est
337 3690 387 3735 res
405 3675 478 3734 satis
495 3673 599 3735 sobria
612 3673 754 3734 lascivire
769 3674 915 3734 devorato
928 3669 1214 3731 orbeterrarum.14
