2942 4384
361 457 413 518 mc
432 457 645 558 amorreus
665 458 739 521 cm.
750 460 802 519 vr.
823 467 957 524 ao-ro.
1081 444 1140 526 131

162 610 375 687 negotiatione
389 603 477 683 sunt,
495 610 634 670 damnes.
661 626 769 670 omnes
785 611 864 670 enirn
880 611 959 671 idem
975 612 1094 683 volunt,
1109 612 1141 673 id

163 703 212 757 est
228 696 310 754 intra
323 709 359 753 se
373 700 493 768 optanti
516 710 654 767 magnam
669 693 826 753 hominum
842 700 957 767 partem
971 694 1139 755 damnabis,

163 780 213 839 cui
225 778 309 837 enim
320 793 381 838 non
391 792 431 835 ex
445 775 543 835 aiieno
556 777 749 843 incommodo
762 780 900 836 tucrum?
928 777 1017 836 Miies
1029 777 1168 847 beliuma

163 868 266 937 optat,
289 859 316 919 si
336 859 473 934 gloriam.
499 860 662 933 agricolam
678 875 818 919 annonae
834 860 943 919 caritas
959 860 1054 933 erigit.
1077 862 1139 921 eio-

164 943 309 1019 quentiae
331 943 460 1017 pretium
479 949 622 1016 exceptat
641 942 734 1003 titium
750 958 903 1002 numerus.
931 942 1057 1002 medicis
1071 959 1138 1017 gra-

164 1028 210 1087 vis
231 1041 335 1087 annus
355 1026 385 1084 in
408 1032 568 1099 quaestum
590 1034 646 1085 εει.
682 1026 836 1085 institores
850 1026 1046 1084 delicatarum
1061 1042 1138 1085 mer-

165 1110 244 1169 cium
254 1108 398 1169 iuventus
411 1116 554 1182 corrupta
565 1110 739 1182 tocuptetat.
757 1110 838 1167 uuila
851 1116 1038 1182 tempestate,
1055 1111 1138 1169 nulio

164 1194 232 1267 igne
247 1193 409 1251 laedantur
421 1198 515 1251 tectas
538 1191 648 1252 iacebit
662 1207 757 1265 opera
771 1191 897 1250 iabriiis.
925 1192 1022 1252 Unius
1036 1200 1167 1255 votun14

164 1276 390 1350 deprehensum
412 1280 472 1347 est,
495 1274 630 1334 omnium
650 1274 749 1333 simite
769 1281 829 1332 est:
853 1290 890 1331 an
915 1280 945 1332 tu
962 1276 1138 1333 Arruntium

164 1366 192 1417 ει
205 1356 364 1417 Haterium
378 1364 409 1416 et
422 1364 559 1430 ceteros,
583 1357 635 1431 qui
651 1357 871 1431 captandorum
889 1363 1136 1415 testamentorum

164 1451 257 1500 artem
280 1439 413 1515 professi
434 1446 519 1513 sunt,
540 1455 600 1499 non
624 1448 713 1513 putas
735 1439 842 1498 eadem
862 1438 975 1496 habere
991 1454 1069 1512 quae
1085 1440 1137 1497 dc·

163 1525 338 1598 signatores
357 1530 388 1582 ει
402 1521 580 1582 iibitinarios
596 1529 688 1582 votat
716 1522 756 1580 iiii
772 1530 887 1594 tamen,
911 1538 1041 1595 quorum
1057 1538 1135 1579 mor·

162 1610 208 1666 tes
227 1613 350 1681 optent,
379 1607 532 1679 nesciunt,
560 1605 590 1664 hi
615 1606 880 1665 familiarissimum
902 1620 1069 1677 quemque,
1097 1619 1136 1663 ex

164 1706 223 1764 qno
245 1696 373 1764 propter
393 1688 551 1747 amicitiam
571 1692 637 1763 spei
654 1689 813 1762 plurimum
828 1696 889 1760 est,
911 1688 987 1745 mori
1002 1686 1135 1760 cupiunt.

162 1773 285 1833 litorum
301 1772 414 1830 danico
428 1786 517 1830 nemo
533 1772 620 1844 vivit,
642 1771 700 1830 hos
716 1770 857 1845 quisquis
872 1770 973 1829 differt
987 1770 1135 1829 exhaurit.

162 1862 270 1930 optant
283 1870 358 1929 ergo
372 1870 432 1912 non
449 1861 561 1913 tantum
577 1863 609 1913 ut
622 1854 782 1927 accipiant,
798 1855 880 1927 quod
897 1855 976 1926 turpi
991 1854 1136 1912 servitute

161 1945 352 2007 meruerunt,
374 1938 428 1995 sed
444 1938 532 1995 etiam
548 1944 580 1995 ut
594 1937 704 1995 tributo
715 1938 801 2009 gravi
814 1934 985 1994 liberentur.
1012 1936 1076 1993 Non
1089 1944 1163 2003 esta

161 2022 264 2096 itaque
276 2019 402 2079 dubium
415 2020 485 2093 quin
503 2020 531 2077 iri
548 2020 654 2093 magis,
671 2019 754 2093 quod
770 2019 942 2076 damnatum
958 2018 1048 2076 estin
1064 2034 1134 2091 uno,

162 2112 282 2179 optent,
304 2103 416 2177 quibus
432 2103 571 2177 quisquis
586 2110 681 2162 morte
696 2103 873 2176 protuturus
886 2107 946 2172 est,
964 2102 1024 2163 vita
1036 2107 1134 2158 nocet.

162 2185 296 2247 omnium
312 2194 410 2246 tannen
422 2186 547 2245 istorum
561 2193 619 2244 tam
631 2194 703 2251 nota
715 2192 786 2244 sunt
799 2192 869 2244 vota
881 2200 971 2256 quam
989 2182 1134 2255 inpunita.

162 2271 303 2344 Denique
323 2284 359 2328 se
377 2270 509 2343 quisque
523 2271 664 2328 consulat
678 2276 708 2327 ει
726 2269 755 2326 in
772 2275 922 2326 secretum
940 2266 1071 2340 pectoris
1087 2264 1134 2323 sui

161 2354 268 2412 redeat
289 2360 320 2411 et
343 2350 498 2425 inspiciat,
522 2352 594 2425 quid
613 2352 723 2411 tacitus
746 2350 911 2426 optaverit:
934 2350 1136 2423 quammulta

162 2443 233 2495 sunt
252 2442 340 2507 vota,
369 2450 448 2508 quae
469 2434 557 2493 etiam
579 2434 637 2494 sibi
658 2434 744 2493 iateri
769 2434 878 2508 pudet!
909 2449 1000 2508 quam
1026 2447 1133 2506 pauca,

162 2534 240 2593 quae
256 2519 358 2577 iacere
373 2534 476 2576 coram
490 2524 568 2576 teste
584 2518 753 2591 possimus!

221 2601 356 2660 XXXIX.
386 2600 448 2660 Sed
472 2617 531 2659 non
555 2599 700 2674 quicquid
719 2598 1021 2673 reprehendendum,
1045 2594 1160 2665 etiam1

162 2683 369 2744 damnandum
388 2692 449 2743 est=
476 2683 555 2742 sieut
575 2683 634 2743 hoc
650 2689 752 2741 votum
768 2680 870 2750 amici,
895 2681 977 2753 quod
994 2680 1022 2735 in
1040 2678 1135 2734 mani-

161 2766 218 2827 bus
234 2773 299 2840 est,
320 2768 398 2826 maie
411 2766 522 2826 utentis
537 2766 618 2824 bona
633 2766 788 2823 voiuntate
802 2770 832 2821 et
849 2763 876 2820 in
894 2763 923 2820 id
940 2760 1042 2819 vitium
1058 2758 1132 2817 inci-

161 2850 274 2922 dentis,
304 2850 389 2924 quod
410 2851 509 2907 evitat.
538 2865 606 2907 nam
628 2849 699 2907 dnm
721 2856 837 2919 gratum
861 2846 991 2904 animum
1014 2843 1134 2903 i'estinat

161 2933 342 3005 ostendere,
358 2933 492 3006 ingratus
510 2940 566 2991 est.
600 2932 701 3004 ‚‚Hoc,
719 2932 773 3003 ait,
794 2930 822 2989 in
840 2937 1020 3004 potestatem
1036 2942 1161 2995 meamp

161 3016 293 3077 recidat=
319 3016 444 3089 gratiam
466 3031 563 3074 meam
585 3015 753 3083 desideret,
783 3014 849 3072 sine
869 3028 917 3070 me
931 3013 1052 3079 salvus,
1079 3010 1129 3069 ho·

161 3106 283 3171 nesius,
304 3105 386 3158 tutus
410 3114 561 3158 essenon
587 3097 694 3171 possit.
721 3104 782 3155 tam
797 3096 889 3154 miser
902 3096 955 3163 sit,
981 3102 1012 3152 ut
1026 3092 1066 3149 iiii
1081 3094 1134 3151 be·

161 3181 259 3241 reticii
276 3183 345 3241 ioco
362 3182 401 3240 sit
413 3182 558 3256 quicquid
573 3181 739 3240 redditur.“
760 3178 905 3237 Haecdis
920 3174 1131 3233 audientibus=

161 3264 419 3335 „circumveniant
433 3265 515 3323 iiium
532 3262 719 3337 domesticae
733 3261 876 3327 insidiae,
897 3273 973 3329 quius
985 3271 1044 3328 ego
1060 3271 1130 3328 pos-

162 3347 215 3406 sim
237 3348 325 3407 soius
346 3349 528 3421 opprimere.
561 3347 652 3405 instet
672 3350 781 3417 potens
806 3340 946 3399 inimicus
968 3345 997 3396 et
1018 3338 1134 3411 gravis,

162 3431 270 3490 infesta
290 3432 378 3490 turba
398 3446 455 3488 nec
470 3430 609 3502 inermis,
630 3426 763 3487 creditor
777 3431 881 3497 urgeat
895 3430 925 3480 et
939 3426 1131 3481 accusator.“

218 3513 281 3573 XL.
306 3514 386 3573 Vide
402 3528 492 3587 quam
514 3512 558 3571 sis
577 3527 710 3585 aequus:
734 3508 841 3567 horum
857 3513 981 3578 optares
996 3504 1082 3576 nihii,
1104 3504 1158 3565 sil

163 3596 210 3655 tibi
227 3595 413 3655 beneficium
428 3612 489 3654 non
505 3595 650 3654 dedisset.
686 3594 725 3652 Ut
739 3591 798 3649 aiia
812 3599 944 3656 taccam,
968 3601 1047 3658 quae
1062 3602 1130 3659 gra-

166 3677 421 3773 riora‘ecmnrittis
435 3678 571 3753 pessima
587 3694 641 3751 pro
654 3675 775 3750 optimis
787 3668 1037 3812 reserend2,*hoc
1049 3678 1132 3729 certe
