2942 4384
409 446 550 509 uurue.
565 446 726 522 quuusr.
749 446 821 507 tro.
833 446 855 506 1.
877 456 904 509 ⁵.
918 455 944 510 r.
1103 427 1163 510 ‘171

191 604 294 664 siturt
320 600 403 675 atqui
424 598 508 675 ipsa,
529 600 667 675 quamvis
689 616 750 659 non
773 600 925 674 videatur,
950 609 1012 662 est:
1041 610 1165 676 ergoet

191 688 287 747 color.
323 685 367 744 lta
382 691 443 743 est:
466 690 535 756 [non
548 690 601 755 est]
620 693 829 757 argumentum
847 684 915 743 falsi
931 685 1059 757 coloris,
1082 686 1165 759 quod

192 771 343 843 adparere
358 767 573 826 accedentibus
590 768 708 826 desinit.
738 768 818 827 idem
833 768 911 826 enim
927 767 956 826 in
972 768 1049 841 ipsis
1064 769 1165 843 evenit

193 852 343 925 nubibu8‚
359 866 417 908 nec
433 849 502 909 ideo
517 851 613 909 salsae
628 857 711 923 sunt,
728 851 875 924 quianon
891 851 1039 911 videnlur.
1074 851 1205 915 Prae-12

194 945 277 995 terea
297 950 366 995 cunr
387 932 496 992 dieitur
516 933 583 1005 tibi,
607 934 715 993 nubem
737 935 804 993 sole
820 950 891 993 esse
907 934 1080 1006 suffectam,
1103 951 1164 994 uon

194 1018 304 1077 dicitur
324 1016 390 1088 tibi,
413 1018 545 1075 colorem
566 1016 647 1075 illum
667 1018 800 1075 inustum
822 1033 893 1076 esse
909 1019 990 1076 velut
1005 1018 1081 1076 duro
1097 1032 1163 1076 cor-

194 1102 260 1175 pori
281 1115 318 1158 ac
340 1098 438 1158 stabili
459 1114 495 1157 ac
510 1099 655 1169 manenti,
679 1101 735 1158 sed
752 1106 783 1159 ut
797 1100 892 1160 fluido
908 1109 939 1160 et
954 1117 1032 1173 vago
1048 1108 1078 1159 et
1092 1101 1163 1159 nihil

193 1182 324 1258 aurplius
346 1197 436 1257 quam
459 1182 582 1241 brevem
608 1184 743 1256 speciem
768 1184 935 1257 recipienti.
976 1182 1052 1243 Sunt
1075 1185 1163 1242 etiarn

194 1268 318 1341 quidam
339 1266 475 1338 colores,
498 1266 550 1339 qui
571 1281 609 1323 ex
628 1266 786 1325 intervallo
810 1268 970 1326 vimsuam
985 1266 1163 1326 ostendunt:

194 1365 360 1424 purpuram
371 1345 500 1424 Tyriam,
517 1364 578 1421 quo
591 1348 696 1407 melior
707 1349 907 1423 actuumque,
923 1364 960 1407 eo
973 1350 1062 1408 altius
1074 1364 1163 1423 opor-

194 1441 368 1500 toneneas,
387 1439 419 1490 ut
433 1432 581 1504 fulgorem
596 1448 685 1491 suum
701 1439 809 1491 teuent.
829 1449 889 1492 uon
906 1439 1003 1490 tamen
1019 1432 1089 1491 ideo
1102 1448 1162 1490 uon

178 1508 286 1576 'habet
305 1516 437 1574 colorem
453 1514 518 1586 illa,
542 1514 614 1587 quic
630 1530 709 1589 quae
724 1515 869 1588 optimum
883 1514 988 1587 hahet,
1011 1531 1071 1573 non
1089 1530 1164 1588 quo·

194 1599 420 1671 modocumque
445 1597 616 1671 explicatur
640 1598 782 1657 ostendit.
826 1598 858 1657 ln
883 1600 991 1657 eadem
1016 1597 1164 1657 sententia
1173 1611 1205 1664 13

194 1698 262 1742 sum
277 1697 338 1755 qua
350 1680 549 1751 PosidoniuS,
567 1687 599 1739 ut
611 1696 713 1739 arcum
725 1682 855 1741 iudicem
869 1682 932 1740 sieri
946 1681 1025 1741 nube
1037 1682 1165 1740 formata

193 1766 221 1824 in
237 1765 362 1823 modum
377 1762 505 1822 concavi
521 1764 637 1837 speculi
653 1772 682 1823 et
696 1766 832 1838 rotundi,
848 1766 895 1824 cui
911 1767 1007 1825 lormu
1020 1764 1058 1823 sil
1069 1764 1164 1838 partis

193 1847 287 1922 epila
301 1851 395 1906 secta.
415 1847 474 1905 hoc
489 1845 626 1921 probari,
645 1847 702 1905 nisi
716 1847 889 1921 geometrae
900 1847 1086 1918 radiaverint,
1103 1864 1164 1906 non

192 1936 319 2005 potest,
334 1928 385 2004 qui
406 1930 590 2002 argumentis
612 1929 684 1988 nillil
700 1930 782 1989 dubii
798 1930 1038 2003 relinquentibus
1054 1932 1165 1989 docent

193 2013 270 2074 solis
285 2013 365 2071 illarn
381 2027 451 2071 esse
466 2012 597 2085 effigiem
613 2029 673 2071 uon
690 2013 827 2072 similem.
857 2027 958 2087 neque
972 2015 1051 2071 enim
1059 2012 1163 2088 omnin
1172 2020 1207 2074 14

192 2098 346 2156 adversus
367 2096 493 2168 specula
513 2096 716 2169 respondent:
739 2104 810 2155 sunt
824 2109 903 2169 quae
922 2096 1025 2153 videre
1039 2096 1163 2153 extime

193 2178 491 2240 scas2·del0rmitate
512 2184 594 2238 tanta
609 2186 782 2251 corruptam
796 2178 904 2237 sociem
920 2177 1080 2237 visentium
1094 2178 1163 2235 red-

193 2263 270 2323 dunt
283 2268 405 2321 servata
420 2260 613 2320 similitudine
624 2262 653 2319 iu
667 2262 763 2335 peius.
786 2270 858 2322 sunt
869 2277 948 2336 quae
960 2277 1028 2320 curu
1039 2260 1164 2331 videris,

194 2348 317 2420 placere
330 2344 384 2404 libi
397 2345 478 2403 vires
494 2351 564 2402 tuae
579 2344 713 2418 possiet:
736 2347 766 2405 iu
781 2353 895 2406 tontum
910 2346 1013 2405 lacerti
1024 2349 1165 2404 crescunt

192 2436 224 2488 et
242 2428 335 2490 totius
357 2429 495 2502 corporis
511 2444 605 2502 supra
619 2426 780 2487 huuranom
795 2428 1030 2501 magnitudinem
1044 2429 1164 2487 habitus

193 2518 331 2585 augetur.
360 2518 432 2570 sunt
451 2526 530 2585 quae
548 2511 670 2570 dextras
688 2512 782 2571 iacies
798 2513 975 2583 ostendant,
998 2520 1069 2571 sunt
1085 2526 1164 2584 quoe

193 2594 351 2666 sinistros,
379 2602 449 2653 sunt
470 2609 548 2666 quae
568 2595 769 2667 detorqueant
789 2603 819 2654 et
838 2600 963 2652 vertant.
998 2593 1073 2665 Quid
1090 2607 1163 2666 ergo

192 2679 303 2736 mirum
318 2684 365 2736 est
378 2676 529 2738 eiusmodi
544 2678 703 2750 speculum
721 2678 750 2736 in
767 2678 847 2736 nube
863 2691 986 2751 quoquc
1001 2677 1081 2746 fieri,
1103 2690 1163 2749 quo
1192 2700 1198 2714 1

194 2759 271 2821 solis
286 2759 407 2834 species
422 2759 532 2819 vitiosa
545 2759 710 2819 reddatur?
1138 2816 1140 2820 .

256 2843 309 2902 vt.
335 2843 415 2902 luter
435 2851 536 2903 cetera
556 2851 732 2916 argumenta
753 2850 783 2902 et
800 2843 861 2902 hoc
881 2842 949 2915 erit,
973 2842 1056 2914 quod
1079 2856 1191 2905 num-1
1241 2907 1243 2912 s

195 2941 288 3000 quam
309 2926 404 2985 maior
425 2941 515 2986 arcus
537 2926 659 2986 dimidio
682 2928 795 2986 circulo
813 2926 942 3001 adparet
961 2934 990 2985 et
1010 2941 1047 2987 eo
1067 2926 1165 2984 minor
1258 2944 1270 2983 a·

193 3016 258 3082 est,
282 3025 344 3084 quo
360 3010 447 3071 altior
463 3011 520 3069 sol.
555 3010 595 3069 Ut
609 3010 649 3068 ait
664 3012 816 3084 Vergilius
832 3016 950 3070 noster:

557 3093 781 3167 erotttttnpens

346 3191 445 3247 orcus,

194 3272 265 3317 cum
278 3256 421 3317 adventat
441 3255 552 3338 imber:
576 3257 705 3318 sednon
722 3258 860 3327 easdem,
883 3256 1097 3330 undecumque
1112 3257 1164 3314 ad·

194 3338 309 3415 paruit,
331 3342 428 3401 minas
444 3342 555 3400 adfert:
578 3357 596 3399 a
612 3342 737 3400 meridie
754 3347 838 3398 ortus
850 3356 988 3414 magnam
1002 3341 1059 3397 vim
1070 3355 1165 3412 aqua-

193 3438 262 3482 rum
276 3423 376 3483 vehet.
403 3423 483 3483 vinci
504 3425 584 3483 enim
605 3440 666 3481 nou
685 3430 846 3497 potuerunt
861 3425 1067 3487 valentissimo
1084 3424 1164 3481 sole:

193 3514 310 3566 tanturn
324 3505 384 3567 illis
398 3516 446 3567 est
461 3507 578 3565 virium.
605 3508 630 3566 si
646 3508 727 3569 circa
742 3522 885 3570 occasum
900 3508 1032 3578 refulsit,
1053 3505 1168 3565 rorabit

194 3596 224 3649 et
238 3589 346 3649 leviter
358 3591 482 3664 inpluet.
506 3590 532 3649 si
547 3591 585 3650 ub
601 3598 666 3649 ortu
682 3591 802 3649 circuve
814 3591 958 3663 surrexit,
975 3606 1084 3649 serena
1097 3606 1165 3663 pro·

194 3672 325 3733 mittunt
358 3673 479 3749 „Quare
498 3680 612 3748 anon,
635 3674 662 3735 si
681 3675 781 3750 imago
797 3673 872 3735 sotis
887 3680 934 3734 est
950 3690 1055 3751 arcus,
1078 3675 1167 3748 louge
1179 3682 1220 3745 tx
