2942 4384
380 467 521 529 NATUR.
538 467 702 542 QUAEST.
722 469 857 529 trevi.
880 477 1011 532 22—24.
1122 470 1185 535 289

202 619 272 680 illas
294 634 376 679 mare
394 616 545 691 inmersit,
570 619 643 678 dicit
658 619 689 677 id
704 619 787 693 quod
803 620 832 677 in
849 620 951 693 priore
968 628 1054 694 purte
1069 619 1182 681 dictum

203 711 265 764 est:
288 703 440 777 „Spiritus
455 701 545 762 intrat
560 709 670 761 terram
686 718 742 777 per
757 706 877 762 occultu
892 703 1055 776 foramina,
1076 721 1181 777 quem·

202 788 368 848 admodum
382 787 512 861 ubique,
529 785 571 844 ita
586 792 616 844 et
627 785 685 844 sub
696 787 780 845 mari.
802 786 913 845 deinde
926 803 994 845 cum
1006 786 1180 847 obstructus

202 877 252 931 est
270 870 322 930 ille
341 878 469 939 trames,
499 885 555 943 per
577 884 668 944 quem
690 870 908 942 descenderat,
931 870 1059 929 reditum
1080 878 1180 930 autem

202 954 245 1014 illi
259 971 278 1013 a
293 962 377 1028 tergo
392 954 540 1013 resistens
556 969 636 1027 aqua
652 953 789 1025 abstulit,
805 954 865 1013 huo
880 962 909 1011 et
923 953 995 1013 illuo
1010 955 1137 1013 relertur
1151 963 1180 1014 et

202 1038 261 1098 sibi
277 1038 346 1111 ipse
361 1053 526 1097 occurrens
540 1043 650 1095 terrum
666 1037 836 1097 labefactat.
873 1037 946 1097 Ideo
968 1038 1179 1113 frequentissi-

201 1138 250 1181 me
264 1120 340 1180 mari
355 1121 497 1195 adposita
510 1127 658 1179 vexantur
672 1127 701 1179 el
716 1120 787 1180 inde
798 1119 938 1194 Neptuno
950 1119 1025 1179 haec
1038 1122 1177 1195 adsigne-

202 1214 231 1266 ta
251 1211 300 1265 est
319 1205 410 1264 meris
427 1203 569 1263 movendi
585 1204 750 1277 potentia.“
786 1203 931 1278 Quisquis
949 1205 1060 1276 primas
1076 1205 1178 1264 literas

201 1290 336 1349 Graecas
358 1288 477 1363 didicit,
502 1287 560 1347 scit
573 1288 657 1347 illurn
672 1288 755 1362 apud
769 1287 935 1347 Homerum
946 1280 1179 1365 Ἐνοσίχθονα

199 1373 316 1433 vocari.

261 1456 369 1515 XXIV.
404 1455 590 1531 Spiritum
622 1473 712 1517 esse
742 1456 834 1518 huius
862 1458 931 1516 mali
961 1472 1114 1517 eausam
1143 1465 1204 1516 etl

199 1538 287 1615 ipse
317 1540 542 1599 consenti0=
574 1542 620 1600 de
641 1542 711 1600 illo
733 1539 961 1616 disputabo,
986 1541 1175 1615 quomodo

198 1624 322 1683 intret
348 1623 408 1682 hic
438 1641 452 1682 s
461 1625 622 1697 pirituS,
651 1632 751 1685 utrum
771 1642 826 1700 per
840 1626 941 1684 tenuia
956 1624 1105 1682 foramina
1120 1640 1176 1682 nec

199 1706 299 1767 oculis
321 1707 598 1781 conprehensibilia
618 1725 656 1766 an
678 1724 733 1783 per
754 1710 869 1769 maiora
889 1724 926 1768 ao
941 1709 1124 1783 patentiore,
1147 1715 1176 1765 et

198 1800 301 1851 utrum
320 1790 358 1849 ub
373 1792 433 1850 imo
449 1807 488 1849 an
501 1791 591 1850 etiam
607 1807 661 1865 per
675 1809 794 1851 summa
808 1802 963 1853 terrarum.
999 1793 1065 1850 Hoc
1079 1793 1204 1851 inere-2

198 1874 294 1933 dibile
314 1880 369 1933 est.
399 1890 468 1933 nam
489 1873 520 1933 in
541 1875 654 1933 nostris
676 1892 801 1950 quoque
819 1875 1001 1949 corporibus
1019 1876 1096 1935 cutis
1113 1876 1174 1950 spi-

198 1958 289 2017 ritum
315 1959 432 2032 respuit
455 1973 556 2032 neque
581 1965 629 2017 est
654 1959 696 2018 illi
725 1960 884 2032 introitus,
917 1958 975 2016 nisi
1002 1975 1058 2032 per
1084 1974 1174 2031 quem

197 2039 341 2114 trahitur,
370 2057 471 2114 neque
492 2042 660 2101 consistere
675 2043 797 2117 quidem
812 2059 831 2101 a
845 2041 934 2101 nobis
951 2049 1091 2115 receptus
1108 2049 1174 2114 pot-

165 2197 168 2202 !
198 2132 248 2184 est
268 2123 325 2182 nisi
344 2124 374 2182 in
394 2125 503 2183 laxiori
519 2125 659 2199 corporis
677 2134 771 2201 parte.
800 2143 858 2185 non
876 2126 954 2183 enim
970 2125 1046 2183 inter
1062 2140 1173 2183 nervos

199 2209 366 2282 pulpasve‚
388 2208 444 2267 sed
460 2209 489 2266 in
504 2209 676 2269 visceribus
692 2217 721 2269 et
737 2210 839 2284 patulo
855 2209 1004 2268 interioris
1019 2210 1112 2283 partis
1124 2225 1172 2266 re-

198 2305 293 2350 cessu
314 2297 517 2350 conmoratur.
560 2292 643 2351 Idem
659 2293 698 2351 de
718 2302 800 2353 terra
815 2293 966 2365 suspicari
987 2293 1057 2351 licet
1070 2292 1118 2349 vel
1134 2300 1200 2351 ex3

197 2374 276 2447 hoc,
300 2374 384 2448 quod
400 2384 499 2434 motus
514 2392 574 2435 non
590 2376 620 2434 in
633 2392 751 2435 summa
763 2384 843 2436 terra
855 2377 975 2435 circuve
987 2392 1105 2435 summa
1116 2384 1172 2449 est,

197 2457 257 2517 sed
279 2457 383 2517 subter
403 2465 433 2516 et
453 2458 490 2517 ab
512 2458 582 2517 imo.
609 2459 698 2519 huius
721 2461 878 2530 indicium,
902 2460 986 2532 quod
1007 2460 1171 2518 altitudinis

195 2541 370 2616 profundae
383 2544 478 2600 mario
494 2541 649 2616 iactantur,
672 2544 762 2602 motis
778 2543 894 2603 scilicet
907 2542 970 2613 his,
987 2558 1081 2618 supra
1093 2559 1172 2616 quae

195 2626 269 2690 lusa
295 2635 382 2685 sunt:
416 2640 488 2698 ergo
518 2621 733 2685 ierisimile
761 2634 821 2686 est
852 2635 991 2686 terram
1021 2643 1065 2684 ex
1093 2628 1171 2685 alto

197 2708 343 2767 moveri
370 2716 406 2767 et
438 2707 522 2767 illic
555 2710 732 2783 spiritum
763 2711 800 2768 in
828 2710 1009 2769 cavernis
1038 2710 1170 2782 ingen-

195 2792 303 2851 tibus
332 2792 497 2865 concipi.
541 2793 672 2865 „lmmo,
703 2794 819 2867 inquis,
845 2810 901 2853 cen
917 2808 985 2852 enm
1002 2793 1113 2865 frigore
1128 2795 1200 2856 int

195 2874 386 2946 horruimus,
413 2881 525 2935 tremor
546 2877 697 2951 sequitur,
721 2877 765 2936 sic
785 2885 882 2937 terras
900 2892 1024 2951 quoque
1045 2876 1170 2954 spiritus

196 2958 390 3017 extrinsecus
411 2958 554 3018 accidens
577 2965 734 3037 quassat.“
761 2960 844 3035 quod
866 2961 947 3021 nullo
963 2962 1054 3020 modo
1070 2967 1172 3035 potest

196 3039 272 3101 lieri.
297 3043 398 3115 algere
413 3042 613 3117 enimdebet,
636 3051 670 3104 ut
684 3044 763 3102 idem
781 3045 823 3104 illi
839 3046 958 3104 accidat
973 3045 1055 3118 quod
1071 3044 1170 3117 nobis,

196 3140 276 3198 quos
293 3132 417 3183 externa
433 3142 526 3185 causa
541 3128 570 3184 in
586 3128 744 3186 horrorem
759 3128 830 3199 ugit.
851 3128 991 3186 accidere
1003 3134 1101 3186 autem
1112 3136 1170 3187 ter-

194 3223 249 3268 rae
268 3208 365 3267 simite
380 3210 525 3283 quiddam
545 3218 667 3270 nostrae
681 3210 858 3279 adlectioni,
882 3210 1011 3267 sednon
1029 3224 1067 3267 ex
1082 3209 1171 3268 simili

196 3307 292 3351 causa
312 3294 529 3352 concesserim.
564 3294 649 3352 lllam
668 3292 793 3352 interior
808 3300 837 3351 et
853 3292 940 3351 altior
956 3291 1064 3351 iniuria
1081 3292 1198 3356 debet5

196 3375 357 3449 inpellere=
379 3377 467 3435 cuins
482 3378 526 3436 rel
542 3384 750 3451 argumentum
764 3376 811 3435 vel
824 3374 987 3434 max-imum
998 3375 1057 3433 hoc
1070 3382 1171 3448 potest

194 3473 282 3530 esse,
306 3460 390 3533 quod
406 3476 474 3519 cum
490 3460 659 3519 vehementi
672 3468 755 3518 motu
767 3461 946 3534 adapertum
959 3458 1172 3537 ingentiruinn

195 3542 295 3602 solum
310 3549 372 3615 est,
393 3550 472 3603 totas
488 3559 716 3617 nonnumquam
730 3539 869 3603 urbeset
883 3542 991 3616 recipit
1004 3542 1104 3600 hiatus
1120 3542 1170 3601 ille

194 3632 225 3685 et
245 3625 416 3685 abscondit.
452 3626 648 3705 Thucydides
668 3628 710 3686 ait
730 3628 811 3685 cirea
831 3624 1083 3699 Peloponnesiaci
1100 3624 1198 3687 bettio

194 3716 317 3783 tempus
332 3709 493 3768 Atalanten
508 3711 636 3773 insulam
651 3716 707 3774 ant.
716 3717 808 3772 totam
823 3718 875 3771 aut
889 3715 971 3769 certe
983 3708 1116 3769 maxima
1130 3724 1171 3769 ex

237 3810 340 3852 sunnon
353 3812 424 3850 rnre.
440 3796 472 3856 ΙΙ.
614 3820 616 3826 ·
975 3800 1010 3856 qq
1242 3808 1246 3813 '
