2942 4384
244 402 247 408 ’
264 436 286 498 4
548 437 582 495 n.
603 436 752 518 annam
774 436 948 519 samacha

266 587 380 661 mitiget
400 594 429 647 et
449 587 478 645 in
498 603 630 646 amorem
647 587 693 646 sui
708 594 820 646 vertat=
843 588 964 646 leonum
981 603 1035 647 ora
1049 603 1067 646 a
1081 586 1230 661 magistris
1274 601 1275 610 ¹

266 673 380 746 inpune
395 678 569 730 tractantur.
601 671 831 743 elephantorum
847 670 994 729 feritatem
1011 672 1156 745 usquein
1173 688 1230 730 ser-

265 757 325 813 vile
341 754 473 813 osticium
489 755 660 812 demeretur
675 754 778 811 cibus:
802 754 880 811 adeo
896 756 986 813 etiam
1001 770 1080 828 quae
1092 763 1179 814 extra
1193 756 1231 813 in-

265 840 417 903 tellectum
432 842 523 909 atque
535 834 776 903 aestimationem
788 836 930 895 beneficii
945 838 1045 911 posita
1057 846 1137 909 sunt,
1155 838 1231 896 adsi·

219 965 222 975 .
266 921 366 1015 duitas
381 927 481 978 tamen
499 919 595 977 meriti
618 918 781 991 pertinacis
802 919 921 977 evincit.
957 922 1094 993 Ingratus
1114 928 1163 979 est
1184 920 1231 978 ad·

265 1019 376 1062 versus
397 1019 489 1060 rmum
515 1002 711 1060 beneficium:
751 1003 901 1059 adversus
926 1004 1052 1061 alterum
1080 1020 1141 1061 non
1171 1003 1232 1061 erit.

267 1088 397 1146 duorum
412 1085 522 1143 oblitus
545 1091 606 1143 est:
635 1082 755 1143 tertium
770 1086 859 1143 etiam
881 1085 909 1141 ln
928 1101 1032 1145 eorum
1057 1102 1136 1159 quae
1155 1087 1231 1145 exci-

267 1172 377 1227 derunt
391 1168 566 1227 memoriam
579 1168 715 1226 reducet.

235 1269 250 1320 1
330 1252 378 1309 lll.
401 1252 429 1309 ls
446 1251 546 1324 perdit
559 1250 708 1309 benetieia
725 1251 777 1325 qui
799 1252 858 1311 cito
881 1267 915 1311 se
936 1250 1110 1325 perdidisse
1130 1253 1233 1313 eredit.

267 1343 297 1394 at
310 1335 361 1409 qui
376 1336 467 1394 instat
481 1342 510 1393 et
527 1340 632 1393 onerat
645 1334 749 1407 priora
764 1334 977 1409 sequentibus,
1001 1335 1090 1394 etiam
1105 1352 1144 1393 ex
1160 1338 1233 1396 duro

267 1427 298 1477 et
312 1418 468 1477 inmemori
484 1412 609 1491 pectore
629 1417 756 1491 gratiam
776 1419 923 1476 extundit.
959 1418 1026 1477 Non
1043 1418 1169 1476 audebit
1183 1420 1234 1477 ad·

267 1518 376 1560 uersus
399 1503 491 1559 multa
507 1502 615 1558 oculos
630 1500 787 1557 adtollere.
823 1516 1017 1574 quocumque
1033 1516 1067 1559 se
1088 1502 1235 1561 convertit

267 1584 441 1666 memoriam
463 1599 548 1641 suam
571 1581 703 1654 lugiens,
734 1582 774 1639 ibi
795 1588 825 1639 te
846 1583 955 1641 videat.
992 1584 1149 1642 benefieiis
1177 1584 1234 1644 tuis

235 1668 347 1729 aillum
366 1666 461 1739 cinge.
498 1665 630 1737 Quorum
646 1680 724 1737 quae
738 1664 786 1721 vis
803 1680 921 1737 quaeve
939 1668 1111 1739 proprietas
1132 1666 1173 1726 sit
1193 1668 1234 1725 di-

269 1765 350 1820 cam,
373 1748 398 1807 si
421 1748 530 1822 prius
552 1749 635 1818 illa,
656 1764 753 1820 quae
773 1749 816 1805 ad
836 1764 913 1806 rem
934 1766 1005 1806 non
1029 1750 1233 1822 pertinent,

268 1832 498 1890 transsilire
519 1830 607 1888 mihi
628 1832 872 1903 permiseris:
907 1848 1024 1904 quare
1045 1840 1124 1891 tres
1146 1834 1233 1891 Gra-

183 1945 186 1949 *
268 1914 347 1972 liae
370 1922 406 1972 et
428 1930 546 1996 quare
566 1929 727 1972 sorores
756 1914 833 1973 sint
857 1922 892 1973 et
915 1931 1032 1988 quare
1054 1914 1235 1975 manibus

252 1998 442 2071 inplexis
464 2003 502 2054 et
521 2013 642 2070 quare
664 1998 840 2056 ridentes
857 1998 993 2076 [iuuenes]
1009 1998 1235 2071 etvirgines

235 2083 538 2154 t,solutaqueae
554 2081 759 2154 perlucida
780 2089 902 2139 veste.
926 2081 985 2139 Alii
1003 2080 1124 2155 quidem
1141 2082 1236 2140 videri

267 2166 372 2222 volunt
385 2180 475 2222 unam
491 2178 562 2221 esse
577 2179 655 2237 quae
671 2164 722 2221 det
736 2163 932 2233 heneficium,
952 2165 1076 2222 alteram
1092 2180 1172 2238 quae
1187 2180 1235 2223 ae-

269 2246 375 2320 cipiat,
397 2246 515 2303 tertiam
536 2261 615 2318 quae
641 2245 757 2302 reddat.
791 2246 840 2303 alii
865 2244 1082 2305 beneficiorum
1107 2247 1165 2306 tria
1185 2264 1236 2320 ge-

268 2344 356 2397 nera,
375 2327 626 2401 promerentium,
648 2328 854 2400 reddentium,
877 2328 966 2386 simul
981 2337 1011 2389 et
1024 2328 1236 2403 accipientium

237 2410 532 2484 treddentiumque.
570 2409 631 2468 Sed
653 2411 890 2485 utrumlibet-ex
910 2411 976 2470 istis
1000 2413 1102 2470 iudica
1121 2430 1236 2483 verum,

270 2494 343 2567 quid
359 2492 417 2551 ista
433 2510 489 2552 nos
506 2493 587 2551 iurat
604 2494 750 2552 scientia?
775 2494 852 2566 Quid
867 2495 915 2552 ille
931 2496 1080 2554 consertis
1095 2495 1237 2555 manibus

268 2578 298 2634 in
318 2592 353 2635 se
373 2576 564 2635 redeuntium
585 2576 718 2636 chorus?
750 2577 789 2636 oh
810 2577 884 2649 hoc,
908 2579 979 2651 quia
1002 2579 1077 2637 ordo
1096 2578 1238 2637 beneficii

268 2676 446 2734 permanes
463 2660 645 2720 transeuntis
662 2658 855 2719 nihilominus
875 2661 915 2719 ad
936 2661 1057 2720 dantem
1078 2662 1240 2721 revertitur

269 2751 298 2801 et
312 2745 403 2803 totius
419 2746 553 2817 speeiem
569 2744 681 2817 perdit,
703 2744 729 2802 si
746 2760 875 2816 usquam
896 2745 1082 2817 interruptus
1098 2751 1153 2813 cst,
1172 2746 1238 2818 pul·

237 2826 451 2897 5cherrimuS‚
477 2826 503 2883 si
525 2826 668 2883 cohaeret
690 2832 720 2882 et
743 2826 825 2883 vices
847 2833 957 2883 servat.
1005 2828 1109 2899 [ldeot
1129 2830 1238 2888 rident.

270 2914 316 2966 est
331 2907 432 2980 aliqua
448 2914 547 2965 tamen
563 2906 659 2965 maior
671 2906 719 2964 his
735 2906 884 2979 dignatio,
907 2908 984 2967 sicut
1003 2911 1238 2981 promerentium

268 2991 370 3048 voltus
386 2990 473 3047 hilari
491 2997 561 3049 sunt
583 2992 703 3063 [quales
725 2992 826 3048 solent
847 3006 919 3050 esse
935 2993 986 3065 qui
1003 2992 1075 3051 dant
1093 2994 1143 3050 vel
1158 2994 1237 3052 acci·

229 3139 236 3145 ¹
270 3072 355 3145 piunt
369 3072 540 3144 beneficiat
576 3072 717 3131 iuvenes:
739 3074 886 3147 quianon
908 3075 999 3134 dehet
1018 3075 1238 3135 beneficiorum

269 3156 415 3215 memoria
435 3170 608 3215 senescere.
648 3156 797 3229 virgines:
822 3157 894 3230 quia
914 3158 1090 3232 incorrupta
1115 3166 1240 3219 suntet

269 3240 388 3298 sincera
403 3246 434 3297 et
449 3241 588 3298 omnibus
604 3246 718 3299 sancta.
749 3239 909 3314 inquibus
929 3240 1001 3298 nihil
1022 3257 1093 3300 esse
1115 3242 1239 3315 adligati

269 3324 356 3381 decet
372 3338 427 3381 nec
440 3323 590 3382 adstricti:
613 3322 719 3382 solutis
735 3324 837 3397 itaque
853 3324 961 3382 tunicis
973 3329 1106 3383 utuntur.
1136 3328 1238 3397 perlu-

237 3406 345 3473 ocidis
361 3401 474 3475 autem,
500 3407 570 3478 quia
585 3406 733 3465 beneficia
750 3406 887 3480 conspici
903 3407 1016 3465 volunt.
1057 3406 1101 3466 Sit
1126 3408 1238 3480 aliquis

270 3504 368 3561 usque
384 3505 421 3548 eo
438 3490 562 3548 Graecis
578 3489 800 3562 emancipatus,
815 3496 848 3548 ut
860 3489 937 3547 haec
952 3490 1033 3547 dicat
1044 3492 1237 3552 necessaria:

268 3586 358 3629 nemo
373 3580 473 3629 tamen
489 3572 552 3643 erit,
568 3571 619 3643 qui
634 3570 722 3630 etium
737 3572 811 3631 illud
824 3571 936 3630 adrem
952 3572 1064 3631 iudicet
1076 3574 1238 3646 pertinere,

270 3668 349 3727 quae
365 3656 487 3713 nomina
501 3653 726 3717 illisHesiodus
742 3654 920 3729 inposuerit.
942 3656 1058 3737 Aeglen
1075 3656 1236 3715 maximam
