2942 4384
327 463 388 529 132
613 462 648 522 L.
668 460 817 522 Annum
838 421 1015 521 sunnonis

326 611 489 689 delinquis,
504 612 588 688 quod
599 628 660 672 non
673 617 837 685 exspectas
851 625 939 669 suum
953 605 1105 683 cuiusque
1114 608 1162 669 rei
1172 615 1292 684 tempus,
1326 644 1335 685 1

327 699 410 775 quod
429 712 528 771 aeque
544 703 653 771 peccat
667 695 719 769 qui
734 711 795 753 non
809 694 948 768 sequitur
962 709 1053 766 quam
1068 692 1121 767 qui
1140 693 1293 753 antecedit

327 781 486 855 Quomodo
511 778 693 839 beneficium
715 795 774 837 non
796 792 919 849 semper
938 776 1149 850 recipiendum
1171 784 1235 849 est,
1256 776 1295 836 sle
1328 810 1336 851 ῃ

298 881 387 933 onon
408 864 513 938 utique
533 860 733 921 reddendum.
770 860 802 920 Si
823 860 895 917 mihi
909 875 971 919 non
988 858 1178 918 desideranti
1194 859 1295 919 redde
1329 893 1336 935 1

326 963 391 1018 res,
414 947 549 1019 ingratus
565 959 668 1003 esses:
692 952 804 1018 quanto
819 942 965 1016 ingratior
979 957 1029 1014 es,
1053 941 1106 1016 qui
1123 941 1296 1002 desiderare

326 1045 375 1088 me
396 1027 506 1102 cogis?
538 1028 707 1101 Exspecta:
734 1041 830 1099 quare
850 1025 1010 1085 subsidere
1031 1025 1114 1099 apud
1138 1032 1168 1085 te
1191 1040 1295 1084 munus
1332 1059 1336 1098 ς

326 1128 425 1171 meum
447 1126 508 1170 non
529 1109 602 1169 vist
630 1124 723 1183 quare
745 1108 908 1182 obligatum
931 1111 1059 1168 moleste
1084 1109 1175 1167 lerst
1209 1122 1296 1183 quare
1332 1141 1334 1148 ,

328 1194 416 1270 quasi
432 1210 499 1253 eum
515 1193 625 1251 acerbo
638 1194 809 1251 feneratore
821 1192 943 1265 signare
953 1190 1100 1250 rationem
1113 1206 1221 1264 parem
1233 1206 1295 1265 pro·

328 1283 440 1351 perast
472 1274 547 1351 quid
566 1275 637 1333 mihi
658 1275 811 1349 negotium
833 1274 976 1349 quaerist
1006 1274 1078 1347 quid
1098 1272 1131 1332 in
1153 1274 1295 1334 medeas

327 1358 473 1419 inmittis?
495 1358 650 1433 quomodo
666 1358 822 1431 exigeres,
846 1358 897 1431 qul
912 1357 958 1416 sio
973 1356 1099 1415 reddis?

299 1466 315 1517 1
389 1442 464 1501 XLI.
484 1443 564 1501 Ante
576 1441 676 1501 omnia
688 1456 771 1513 ergo,
786 1438 943 1508 Liberalis,
958 1438 1018 1499 hoo
1030 1437 1294 1512 discamusbene-

327 1524 398 1584 licia
409 1540 516 1584 secure
528 1525 641 1584 debere
652 1530 682 1582 et
693 1522 874 1583 occasiones
884 1522 1111 1581 reddendorum
1123 1522 1294 1592 observare,

326 1623 387 1668 non
403 1624 494 1666 manu
510 1608 619 1665 lasere.
650 1607 726 1664 bano
743 1606 841 1679 ipsam
855 1605 1049 1679 cupiditatem
1064 1603 1164 1678 primo
1177 1617 1295 1680 quoque

326 1696 465 1763 tempore
486 1687 632 1746 liberandi
655 1703 689 1747 se
709 1687 934 1747 meminerimus
959 1688 1068 1761 ingrati
1089 1702 1171 1747 esse.
1213 1702 1294 1747 nemo

328 1772 408 1831 enirn
422 1772 549 1830 libenter
562 1770 663 1829 reddit
677 1771 761 1846 quod
777 1771 889 1830 invitus
905 1770 1008 1842 debet,
1030 1778 1061 1830 et
1073 1771 1158 1844 quod
1169 1771 1254 1845 apud
1267 1784 1295 1830 se

299 1868 389 1921 anon
409 1856 473 1913 vult
493 1868 579 1926 esse,
601 1870 680 1913 onus
701 1852 816 1913 iudicat
835 1869 922 1926 esse,
947 1869 1008 1913 non
1022 1870 1144 1913 munus.
1183 1853 1295 1926 Quanto

327 1937 435 1995 melius
457 1952 493 1995 ao
512 1936 621 1995 iustius
641 1936 671 1994 in
688 1944 830 2011 promptu
843 1937 956 1996 habere
970 1935 1076 1996 merita
1090 1935 1259 2000 amicorum
1271 1941 1297 1994 et

328 2019 449 2090 offerre,
461 2035 522 2078 non
534 2019 673 2093 ingerere
684 2035 741 2078 neo
751 2021 926 2079 obaeratum
939 2035 974 2078 se
985 2019 1142 2078 iudicaret
1156 2019 1296 2093 quoniam
1334 2093 1335 2100 ἵ

326 2101 508 2162 beneficium
521 2117 680 2162 commune
691 2103 842 2162 vinculum
854 2109 902 2161 est
912 2110 942 2162 et
952 2101 1030 2162 inter
1041 2117 1076 2160 se
1087 2102 1166 2161 duos
1178 2102 1296 2176 adligat

326 2186 397 2244 Dio:
419 2187 492 2244 nibil
505 2180 616 2258 moror,
633 2202 694 2260 quo
706 2185 901 2245 minus-tuum
915 2191 1091 2257 revertatur,
1110 2193 1185 2259 opto
1198 2184 1297 2244 hilaris

328 2268 473 2341 accipias.
501 2268 527 2325 si
546 2268 716 2328 necessitas
735 2268 869 2341 alterutri
884 2276 1021 2328 nostrum
1036 2266 1163 2327 inminet
1175 2268 1297 2342 latoque

329 2350 461 2422 quodam
478 2348 580 2408 datum
595 2358 656 2423 est,
680 2358 713 2411 ut
726 2358 778 2410 aut
793 2358 824 2410 tu
835 2352 956 2425 cogaris
968 2349 1151 2410 beneficium
1161 2351 1299 2425 recipere

328 2437 380 2490 out
393 2447 450 2507 ego
467 2433 621 2507 accipere,
645 2435 696 2493 det
710 2432 812 2508 potius
824 2435 875 2507 qui
888 2434 975 2494 solet
1006 2434 1073 2507 Ego
1084 2441 1214 2508 paratus
1225 2449 1298 2495 suna

603 2520 687 2576 nollo
701 2533 785 2577 moro
797 2520 828 2576 in
846 2517 945 2577 Turno
956 2524 1015 2578 est.-

328 2598 488 2659 ostendam
503 2596 584 2658 huno
598 2600 746 2675 animum,
769 2616 838 2660 oum
852 2600 982 2677 prImum
997 2607 1119 2674 tempus
1134 2600 1299 2660 advenerit

327 2681 443 2741 interim
461 2682 490 2740 di
505 2690 600 2742 testes
616 2691 694 2742 sunt.

300 2776 315 2826 1
388 2764 476 2823 XLII.
499 2764 606 2837 Soleo,
625 2766 665 2825 mi
675 2764 838 2835 Liberalis,
854 2773 960 2825 notare
971 2765 1052 2825 inune
1064 2765 1300 2826 inteadieotum

328 2854 358 2904 et
375 2847 463 2920 quasi
478 2863 569 2905 manu
585 2850 734 2921 prendere
750 2850 883 2908 verentis
899 2855 928 2907 et
943 2848 1127 2921 aestuantis,
1142 2864 1181 2907 ne
1198 2849 1227 2908 in
1239 2850 1300 2908 ullo

328 2927 431 2988 oliioio
448 2928 490 2987 sis
508 2930 629 2988 tardior.
664 2931 731 2989 Non
744 2932 961 3005 deoetgratum
973 2933 1103 2990 animum
1116 2931 1301 3005 sollicitudo,

328 3016 433 3069 eontra
454 3025 571 3071 summo
591 3013 704 3071 fiducia
723 3014 771 3073 sui
790 3023 821 3074 et
841 3030 879 3072 ex
902 3014 1089 3073 conscientia
1107 3014 1172 3072 veri
1189 3015 1301 3075 amoris

327 3092 454 3152 dimisso
465 3095 563 3153 ornnis
576 3096 723 3156 arixietas.
749 3099 821 3156 Tam
833 3098 1004 3157 convicium
1016 3104 1078 3156 est:
1100 3095 1206 3169 recipe
1218 3097 1302 3172 quod

328 3178 445 3248 [dolrem
467 3194 572 3251 quom:
593 3181 640 3238 tta
660 3182 750 3253 qood]
773 3179 878 3239 debes.
919 3181 987 3239 Hoo
1011 3180 1139 3255 primum
1160 3178 1301 3239 beneficii

297 3259 389 3319 idati
408 3260 447 3319 sit
466 3260 530 3329 ius,
552 3269 585 3321 ut
603 3263 771 3337 reeipiendi
792 3269 912 3337 tempus
934 3263 1025 3337 eligat
1044 3262 1096 3335 qni
1114 3261 1209 3321 dedit
1243 3263 1302 3336 „At

323 3358 452 3415 vereor,
468 3358 507 3402 ne
522 3344 660 3404 homines
675 3347 714 3404 de
729 3361 777 3404 me
792 3346 919 3419 sequius
931 3347 1127 3420 loquentur.“
1150 3343 1231 3405 Male
1242 3344 1303 3417 egit

329 3426 380 3499 qui
403 3426 514 3495 lamae,
537 3442 599 3484 non
620 3428 826 3488 eonscientiae
840 3436 945 3502 gratus
961 3436 1017 3488 est.
1051 3429 1139 3487 Duos
1156 3426 1245 3487 istius
1259 3426 1302 3486 rei

327 3507 446 3567 iudices
466 3507 577 3580 habes,
607 3510 702 3582 illum,
731 3517 827 3585 [quem
843 3521 927 3587 potes
943 3512 1072 3585 fallere,
1096 3518 1126 3572 et
1148 3515 1188 3582 te]
1212 3525 1302 3585 quem

329 3606 389 3649 non
414 3597 511 3664 potes.
547 3590 646 3663 „Qarid
667 3607 755 3665 ergo,
784 3609 811 3653 su
836 3595 918 3653 nulla
939 3596 1136 3654 intervenerit
1156 3592 1303 3653 oeoasiot

330 3687 451 3749 semper
471 3673 638 3738 debebot“
672 3676 816 3742 Debebis:
842 3676 898 3739 sed
913 3678 1014 3753 palam
1028 3675 1175 3753 debebis,
1199 3677 1256 3738 sed
1269 3676 1300 3735 li·
