<?xml version="1.0" encoding="UTF-8"?>
<!DOCTYPE html PUBLIC "-//W3C//DTD XHTML 1.0 Transitional//EN"
    "http://www.w3.org/TR/xhtml1/DTD/xhtml1-transitional.dtd">
<html xmlns="http://www.w3.org/1999/xhtml" xml:lang="en" lang="en">
 <head>
  <title>
</title>
<meta http-equiv="Content-Type" content="text/html;charset=utf-8" />
  <meta name='ocr-system' content='tesseract 3.04.00' />
  <meta name='ocr-capabilities' content='ocr_page ocr_carea ocr_par ocr_line ocrx_word'/>
</head>
<body>
  <div class='ocr_page' id='page_1' title='image "./lannaeisenecaeo07senegoog_0191.png"; bbox 0 0 2942 4384; ppageno 0'>
   <div class='ocr_carea' id='block_1_1' title="bbox 305 456 1171 532">
    <p class='ocr_par' dir='ltr' id='par_1_1' title="bbox 305 456 1171 532">
     <span class='ocr_line' id='line_1_1' title="bbox 305 456 1171 532; baseline 0.008 -18"><span class='ocrx_word' id='word_1_1' title='bbox 305 491 308 498; x_wconf 87' lang='lat'><em>-</em></span> <span class='ocrx_word' id='word_1_2' title='bbox 381 456 832 532; x_wconf 75' lang='lat' dir='ltr'><strong>NATUR.QUA1tST.L113.l.</strong></span> <span class='ocrx_word' id='word_1_3' title='bbox 856 468 987 523; x_wconf 80' lang='lat'><strong>14-16.</strong></span> <span class='ocrx_word' id='word_1_4' title='bbox 1109 457 1171 523; x_wconf 85' lang='lat'><strong>179</strong></span> 
     </span>
    </p>
   </div>
   <div class='ocr_carea' id='block_1_2' title="bbox 194 603 1206 2742">
    <p class='ocr_par' dir='ltr' id='par_1_2' title="bbox 194 603 1202 2163">
     <span class='ocr_line' id='line_1_2' title="bbox 195 603 1168 681; baseline 0.003 -15"><span class='ocrx_word' id='word_1_5' title='bbox 195 609 221 666; x_wconf 91' lang='lat' dir='ltr'><strong>in</strong></span> <span class='ocrx_word' id='word_1_6' title='bbox 236 604 383 666; x_wconf 77' lang='lat' dir='ltr'><strong>arixitium</strong></span> <span class='ocrx_word' id='word_1_7' title='bbox 401 603 549 665; x_wconf 79' lang='lat' dir='ltr'><strong>Ostiensis</strong></span> <span class='ocrx_word' id='word_1_8' title='bbox 565 607 703 665; x_wconf 88' lang='lat' dir='ltr'><strong>coloniae</strong></span> <span class='ocrx_word' id='word_1_9' title='bbox 718 615 915 667; x_wconf 87' lang='lat' dir='ltr'><strong>cucurrerunt</strong></span> <span class='ocrx_word' id='word_1_10' title='bbox 931 616 1082 681; x_wconf 88' lang='lat' dir='ltr'><strong>tamquam</strong></span> <span class='ocrx_word' id='word_1_11' title='bbox 1097 625 1168 669; x_wconf 90' lang='lat' dir='ltr'><strong>con-</strong></span> 
     </span>
     <span class='ocr_line' id='line_1_3' title="bbox 194 688 1169 764; baseline 0.002 -15"><span class='ocrx_word' id='word_1_12' title='bbox 194 688 370 763; x_wconf 87' lang='lat' dir='ltr'><strong>flagrantis,</strong></span> <span class='ocrx_word' id='word_1_13' title='bbox 392 704 461 747; x_wconf 90' lang='lat' dir='ltr'><strong>cum</strong></span> <span class='ocrx_word' id='word_1_14' title='bbox 481 689 558 746; x_wconf 89' lang='lat' dir='ltr'><strong>coeli</strong></span> <span class='ocrx_word' id='word_1_15' title='bbox 580 690 672 747; x_wconf 85' lang='lat' dir='ltr'><strong>ardor</strong></span> <span class='ocrx_word' id='word_1_16' title='bbox 694 690 802 748; x_wconf 86' lang='lat' dir='ltr'><strong>luisset</strong></span> <span class='ocrx_word' id='word_1_17' title='bbox 823 705 879 764; x_wconf 85' lang='lat' dir='ltr'><strong>per</strong></span> <span class='ocrx_word' id='word_1_18' title='bbox 899 707 1038 764; x_wconf 88' lang='lat' dir='ltr'><strong>magnam</strong></span> <span class='ocrx_word' id='word_1_19' title='bbox 1054 700 1169 764; x_wconf 89' lang='lat' dir='ltr'><strong>partem</strong></span> 
     </span>
     <span class='ocr_line' id='line_1_4' title="bbox 195 769 1199 850; baseline 0.006 -19"><span class='ocrx_word' id='word_1_20' title='bbox 195 770 295 831; x_wconf 89' lang='lat' dir='ltr'><strong>noctis</strong></span> <span class='ocrx_word' id='word_1_21' title='bbox 310 786 416 850; x_wconf 79' lang='lat' dir='ltr'><strong>parum</strong></span> <span class='ocrx_word' id='word_1_22' title='bbox 432 769 550 844; x_wconf 87' lang='lat' dir='ltr'><strong>lucidus</strong></span> <span class='ocrx_word' id='word_1_23' title='bbox 566 772 661 831; x_wconf 90' lang='lat' dir='ltr'><strong>crassi</strong></span> <span class='ocrx_word' id='word_1_24' title='bbox 674 771 841 845; x_wconf 84' lang='lat' dir='ltr'><strong>tumidique</strong></span> <span class='ocrx_word' id='word_1_25' title='bbox 853 773 940 846; x_wconf 90' lang='lat' dir='ltr'><strong>ignis.</strong></span> <span class='ocrx_word' id='word_1_26' title='bbox 959 774 1003 832; x_wconf 91' lang='lat' dir='ltr'><strong>De</strong></span> <span class='ocrx_word' id='word_1_27' title='bbox 1015 773 1063 832; x_wconf 92' lang='lat' dir='ltr'><strong>his</strong></span> <span class='ocrx_word' id='word_1_28' title='bbox 1078 791 1167 835; x_wconf 89' lang='lat' dir='ltr'><strong>nemo</strong></span> <span class='ocrx_word' id='word_1_29' title='bbox 1182 784 1199 837; x_wconf 87' lang='lat'><strong>6</strong></span> 
     </span>
     <span class='ocr_line' id='line_1_5' title="bbox 195 852 1171 928; baseline 0.002 -14"><span class='ocrx_word' id='word_1_30' title='bbox 195 855 326 924; x_wconf 88' lang='lat' dir='ltr'><strong>dubitat,</strong></span> <span class='ocrx_word' id='word_1_31' title='bbox 352 853 424 927; x_wconf 90' lang='lat' dir='ltr'><strong>quin</strong></span> <span class='ocrx_word' id='word_1_32' title='bbox 446 852 578 912; x_wconf 81' lang='lat' dir='ltr'>habeant</span> <span class='ocrx_word' id='word_1_33' title='bbox 598 852 765 927; x_wconf 83' lang='lat' dir='ltr'><strong>flammam,</strong></span> <span class='ocrx_word' id='word_1_34' title='bbox 788 872 879 928; x_wconf 89' lang='lat' dir='ltr'><strong>quam</strong></span> <span class='ocrx_word' id='word_1_35' title='bbox 894 856 1067 915; x_wconf 88' lang='lat' dir='ltr'><strong>ostendunt.</strong></span> <span class='ocrx_word' id='word_1_36' title='bbox 1088 866 1171 916; x_wconf 86' lang='lat' dir='ltr'><strong>certa</strong></span> 
     </span>
     <span class='ocr_line' id='line_1_6' title="bbox 195 936 1169 1011; baseline 0.003 -15"><span class='ocrx_word' id='word_1_37' title='bbox 195 939 253 996; x_wconf 92' lang='lat' dir='ltr'><strong>illis</strong></span> <span class='ocrx_word' id='word_1_38' title='bbox 271 936 443 995; x_wconf 89' lang='lat' dir='ltr'><strong>substantia</strong></span> <span class='ocrx_word' id='word_1_39' title='bbox 462 943 523 994; x_wconf 73' lang='lat' dir='ltr'><strong>osb</strong></span> <span class='ocrx_word' id='word_1_40' title='bbox 545 936 584 994; x_wconf 88' lang='lat' dir='ltr'><strong>de</strong></span> <span class='ocrx_word' id='word_1_41' title='bbox 601 937 752 1009; x_wconf 79' lang='lat' dir='ltr'><strong>prioribus</strong></span> <span class='ocrx_word' id='word_1_42' title='bbox 769 938 936 1011; x_wconf 83' lang='lat' dir='ltr'><strong>quaeritur,</strong></span> <span class='ocrx_word' id='word_1_43' title='bbox 953 939 991 997; x_wconf 90' lang='lat' dir='ltr'><strong>de</strong></span> <span class='ocrx_word' id='word_1_44' title='bbox 1011 937 1169 999; x_wconf 86' lang='lat' dir='ltr'><strong>arcadico</strong></span> 
     </span>
     <span class='ocr_line' id='line_1_7' title="bbox 196 1018 1168 1094; baseline 0.004 -15"><span class='ocrx_word' id='word_1_45' title='bbox 196 1028 226 1079; x_wconf 89' lang='lat' dir='ltr'><strong>et</strong></span> <span class='ocrx_word' id='word_1_46' title='bbox 239 1019 380 1089; x_wconf 87' lang='lat' dir='ltr'><strong>coronis,</strong></span> <span class='ocrx_word' id='word_1_47' title='bbox 401 1034 439 1076; x_wconf 88' lang='lat' dir='ltr'><strong>an</strong></span> <span class='ocrx_word' id='word_1_48' title='bbox 461 1018 612 1092; x_wconf 81' lang='lat' dir='ltr'><strong>decipiant</strong></span> <span class='ocrx_word' id='word_1_49' title='bbox 628 1021 722 1078; x_wconf 81' lang='lat' dir='ltr'><strong>aciem</strong></span> <span class='ocrx_word' id='word_1_50' title='bbox 737 1027 766 1078; x_wconf 92' lang='lat' dir='ltr'><strong>et</strong></span> <span class='ocrx_word' id='word_1_51' title='bbox 779 1021 939 1079; x_wconf 85' lang='lat' dir='ltr'><strong>mendacio</strong></span> <span class='ocrx_word' id='word_1_52' title='bbox 955 1029 1108 1094; x_wconf 90' lang='lat' dir='ltr'><strong>constent,</strong></span> <span class='ocrx_word' id='word_1_53' title='bbox 1130 1041 1168 1082; x_wconf 89' lang='lat' dir='ltr'><strong>aa</strong></span> 
     </span>
     <span class='ocr_line' id='line_1_8' title="bbox 195 1102 1202 1181; baseline 0.005 -19"><span class='ocrx_word' id='word_1_54' title='bbox 195 1106 226 1162; x_wconf 84' lang='lat' dir='ltr'><strong>in</strong></span> <span class='ocrx_word' id='word_1_55' title='bbox 241 1102 301 1160; x_wconf 90' lang='lat' dir='ltr'><strong>illis</strong></span> <span class='ocrx_word' id='word_1_56' title='bbox 316 1115 441 1175; x_wconf 90' lang='lat' dir='ltr'><strong>quoque</strong></span> <span class='ocrx_word' id='word_1_57' title='bbox 456 1115 558 1181; x_wconf 81' lang='lat' dir='ltr'><strong>verum</strong></span> <span class='ocrx_word' id='word_1_58' title='bbox 575 1103 629 1173; x_wconf 89' lang='lat' dir='ltr'><strong>sit,</strong></span> <span class='ocrx_word' id='word_1_59' title='bbox 651 1102 734 1175; x_wconf 89' lang='lat' dir='ltr'><strong>quod</strong></span> <span class='ocrx_word' id='word_1_60' title='bbox 755 1102 891 1175; x_wconf 78' lang='lat' dir='ltr'><strong>adparet.</strong></span> <span class='ocrx_word' id='word_1_61' title='bbox 920 1103 1014 1162; x_wconf 88' lang='lat' dir='ltr'><strong>Nobis</strong></span> <span class='ocrx_word' id='word_1_62' title='bbox 1030 1121 1091 1163; x_wconf 91' lang='lat' dir='ltr'><strong>uon</strong></span> <span class='ocrx_word' id='word_1_63' title='bbox 1107 1107 1169 1178; x_wconf 86' lang='lat' dir='ltr'><strong>pto·</strong></span> <span class='ocrx_word' id='word_1_64' title='bbox 1185 1114 1202 1168; x_wconf 83' lang='lat'>7</span> 
     </span>
     <span class='ocr_line' id='line_1_9' title="bbox 196 1182 1170 1259; baseline -0.002 -15"><span class='ocrx_word' id='word_1_65' title='bbox 196 1192 245 1244; x_wconf 90' lang='lat' dir='ltr'><strong>cet</strong></span> <span class='ocrx_word' id='word_1_66' title='bbox 266 1182 297 1242; x_wconf 88' lang='lat' dir='ltr'><strong>ia</strong></span> <span class='ocrx_word' id='word_1_67' title='bbox 318 1198 392 1241; x_wconf 88' lang='lat' dir='ltr'><strong>arcu</strong></span> <span class='ocrx_word' id='word_1_68' title='bbox 413 1190 464 1241; x_wconf 88' lang='lat' dir='ltr'><strong>aut</strong></span> <span class='ocrx_word' id='word_1_69' title='bbox 485 1185 606 1242; x_wconf 93' lang='lat' dir='ltr'><strong>coronis</strong></span> <span class='ocrx_word' id='word_1_70' title='bbox 627 1185 757 1243; x_wconf 86' lang='lat' dir='ltr'><strong>subesse</strong></span> <span class='ocrx_word' id='word_1_71' title='bbox 782 1186 895 1257; x_wconf 89' lang='lat' dir='ltr'><strong>aliquid</strong></span> <span class='ocrx_word' id='word_1_72' title='bbox 921 1186 1060 1259; x_wconf 90' lang='lat' dir='ltr'><strong>corporis</strong></span> <span class='ocrx_word' id='word_1_73' title='bbox 1081 1189 1170 1246; x_wconf 79' lang='lat' dir='ltr'><strong>certi=</strong></span> 
     </span>
     <span class='ocr_line' id='line_1_10' title="bbox 195 1265 1170 1341; baseline 0.003 -16"><span class='ocrx_word' id='word_1_74' title='bbox 195 1266 271 1325; x_wconf 86' lang='lat' dir='ltr'><strong>nibil</strong></span> <span class='ocrx_word' id='word_1_75' title='bbox 292 1267 372 1323; x_wconf 90' lang='lat' dir='ltr'><strong>enim</strong></span> <span class='ocrx_word' id='word_1_76' title='bbox 397 1265 564 1325; x_wconf 86' lang='lat' dir='ltr'><strong>iudicamus</strong></span> <span class='ocrx_word' id='word_1_77' title='bbox 579 1267 608 1324; x_wconf 93' lang='lat' dir='ltr'><strong>in</strong></span> <span class='ocrx_word' id='word_1_78' title='bbox 625 1268 758 1341; x_wconf 83' lang='lat' dir='ltr'><strong>speculis</strong></span> <span class='ocrx_word' id='word_1_79' title='bbox 774 1268 831 1324; x_wconf 90' lang='lat' dir='ltr'><strong>uisi</strong></span> <span class='ocrx_word' id='word_1_80' title='bbox 848 1268 995 1326; x_wconf 84' lang='lat' dir='ltr'><strong>fallaciam</strong></span> <span class='ocrx_word' id='word_1_81' title='bbox 1012 1285 1082 1328; x_wconf 90' lang='lat' dir='ltr'><strong>esse</strong></span> <span class='ocrx_word' id='word_1_82' title='bbox 1098 1270 1170 1328; x_wconf 89' lang='lat' dir='ltr'><strong>nihil</strong></span> 
     </span>
     <span class='ocr_line' id='line_1_11' title="bbox 196 1347 1172 1422; baseline 0.002 -14"><span class='ocrx_word' id='word_1_83' title='bbox 196 1348 280 1408; x_wconf 89' lang='lat' dir='ltr'><strong>aliud</strong></span> <span class='ocrx_word' id='word_1_84' title='bbox 302 1364 393 1421; x_wconf 86' lang='lat' dir='ltr'><strong>quum</strong></span> <span class='ocrx_word' id='word_1_85' title='bbox 412 1347 541 1405; x_wconf 87' lang='lat' dir='ltr'><strong>alienum</strong></span> <span class='ocrx_word' id='word_1_86' title='bbox 562 1363 675 1422; x_wconf 89' lang='lat' dir='ltr'><strong>corpus</strong></span> <span class='ocrx_word' id='word_1_87' title='bbox 695 1350 917 1408; x_wconf 85' lang='lat' dir='ltr'><strong>mentientibus.</strong></span> <span class='ocrx_word' id='word_1_88' title='bbox 943 1368 1002 1408; x_wconf 91' lang='lat' dir='ltr'><strong>non</strong></span> <span class='ocrx_word' id='word_1_89' title='bbox 1025 1352 1103 1408; x_wconf 89' lang='lat' dir='ltr'><strong>enim</strong></span> <span class='ocrx_word' id='word_1_90' title='bbox 1125 1358 1172 1410; x_wconf 90' lang='lat' dir='ltr'><strong>est</strong></span> 
     </span>
     <span class='ocr_line' id='line_1_12' title="bbox 195 1431 1172 1504; baseline 0.001 -14"><span class='ocrx_word' id='word_1_91' title='bbox 195 1432 225 1490; x_wconf 93' lang='lat' dir='ltr'><strong>iu</strong></span> <span class='ocrx_word' id='word_1_92' title='bbox 242 1432 380 1504; x_wconf 88' lang='lat' dir='ltr'><strong>speculo,</strong></span> <span class='ocrx_word' id='word_1_93' title='bbox 397 1431 481 1503; x_wconf 92' lang='lat' dir='ltr'><strong>quod</strong></span> <span class='ocrx_word' id='word_1_94' title='bbox 496 1432 674 1490; x_wconf 80' lang='lat' dir='ltr'><strong>ostenditur.</strong></span> <span class='ocrx_word' id='word_1_95' title='bbox 702 1431 836 1504; x_wconf 87' lang='lat' dir='ltr'><strong>alioquin</strong></span> <span class='ocrx_word' id='word_1_96' title='bbox 852 1448 912 1491; x_wconf 90' lang='lat' dir='ltr'><strong>nou</strong></span> <span class='ocrx_word' id='word_1_97' title='bbox 929 1433 1027 1492; x_wconf 88' lang='lat' dir='ltr'><strong>exiret</strong></span> <span class='ocrx_word' id='word_1_98' title='bbox 1041 1448 1098 1492; x_wconf 90' lang='lat' dir='ltr'><strong>neo</strong></span> <span class='ocrx_word' id='word_1_99' title='bbox 1113 1435 1172 1491; x_wconf 90' lang='lat' dir='ltr'><strong>alia</strong></span> 
     </span>
     <span class='ocr_line' id='line_1_13' title="bbox 199 1511 1170 1587; baseline 0.004 -16"><span class='ocrx_word' id='word_1_100' title='bbox 199 1513 338 1587; x_wconf 90' lang='lat' dir='ltr'><strong>protinus</strong></span> <span class='ocrx_word' id='word_1_101' title='bbox 359 1511 488 1585; x_wconf 81' lang='lat' dir='ltr'><strong>imagine</strong></span> <span class='ocrx_word' id='word_1_102' title='bbox 510 1512 727 1585; x_wconf 89' lang='lat' dir='ltr'><strong>obduceretur,</strong></span> <span class='ocrx_word' id='word_1_103' title='bbox 748 1529 807 1570; x_wconf 90' lang='lat' dir='ltr'><strong>nec</strong></span> <span class='ocrx_word' id='word_1_104' title='bbox 820 1515 1053 1573; x_wconf 89' lang='lat' dir='ltr'><strong>innumerabiles</strong></span> <span class='ocrx_word' id='word_1_105' title='bbox 1078 1515 1170 1576; x_wconf 89' lang='lat' dir='ltr'><strong>modo</strong></span> 
     </span>
     <span class='ocr_line' id='line_1_14' title="bbox 196 1596 1202 1670; baseline 0.002 -15"><span class='ocrx_word' id='word_1_106' title='bbox 196 1596 368 1668; x_wconf 89' lang='lat' dir='ltr'><strong>interirent,</strong></span> <span class='ocrx_word' id='word_1_107' title='bbox 389 1596 481 1654; x_wconf 94' lang='lat' dir='ltr'><strong>modo</strong></span> <span class='ocrx_word' id='word_1_108' title='bbox 497 1596 709 1669; x_wconf 88' lang='lat' dir='ltr'><strong>exciperentur</strong></span> <span class='ocrx_word' id='word_1_109' title='bbox 722 1597 847 1655; x_wconf 82' lang='lat' dir='ltr'><strong>formae.</strong></span> <span class='ocrx_word' id='word_1_110' title='bbox 876 1596 952 1669; x_wconf 81' lang='lat' dir='ltr'><strong>Quid</strong></span> <span class='ocrx_word' id='word_1_111' title='bbox 967 1604 1062 1670; x_wconf 76' lang='lat' dir='ltr'><strong>ergo?</strong></span> <span class='ocrx_word' id='word_1_112' title='bbox 1078 1599 1202 1664; x_wconf 40' lang='lat' dir='ltr'><strong>simu-*8</strong></span> 
     </span>
     <span class='ocr_line' id='line_1_15' title="bbox 197 1676 1171 1753; baseline 0.003 -16"><span class='ocrx_word' id='word_1_113' title='bbox 197 1680 282 1738; x_wconf 85' lang='lat' dir='ltr'><strong>lacre</strong></span> <span class='ocrx_word' id='word_1_114' title='bbox 295 1678 354 1737; x_wconf 88' lang='lat' dir='ltr'><strong>ista</strong></span> <span class='ocrx_word' id='word_1_115' title='bbox 368 1684 439 1737; x_wconf 88' lang='lat' dir='ltr'><strong>suut</strong></span> <span class='ocrx_word' id='word_1_116' title='bbox 453 1685 484 1736; x_wconf 90' lang='lat' dir='ltr'><strong>et</strong></span> <span class='ocrx_word' id='word_1_117' title='bbox 497 1676 595 1737; x_wconf 87' lang='lat' dir='ltr'><strong>inanis</strong></span> <span class='ocrx_word' id='word_1_118' title='bbox 608 1678 749 1737; x_wconf 87' lang='lat' dir='ltr'><strong>&#39;verorum</strong></span> <span class='ocrx_word' id='word_1_119' title='bbox 762 1694 925 1752; x_wconf 89' lang='lat' dir='ltr'><strong>corporum</strong></span> <span class='ocrx_word' id='word_1_120' title='bbox 940 1680 1064 1739; x_wconf 87' lang='lat' dir='ltr'><strong>imitatio</strong></span> <span class='ocrx_word' id='word_1_121' title='bbox 1078 1688 1171 1753; x_wconf 88' lang='lat' dir='ltr'><strong>[sunt-</strong></span> 
     </span>
     <span class='ocr_line' id='line_1_16' title="bbox 198 1759 1173 1836; baseline 0.003 -16"><span class='ocrx_word' id='word_1_122' title='bbox 198 1776 260 1835; x_wconf 85' lang='lat' dir='ltr'><strong>que</strong></span> <span class='ocrx_word' id='word_1_123' title='bbox 275 1760 346 1836; x_wconf 87' lang='lat' dir='ltr'><strong>ipsa</strong></span> <span class='ocrx_word' id='word_1_124' title='bbox 365 1776 382 1819; x_wconf 92' lang='lat' dir='ltr'><strong>a</strong></span> <span class='ocrx_word' id='word_1_125' title='bbox 401 1759 581 1833; x_wconf 88' lang='lat' dir='ltr'><strong>quibusdam</strong></span> <span class='ocrx_word' id='word_1_126' title='bbox 603 1759 644 1819; x_wconf 94' lang='lat' dir='ltr'><strong>ita</strong></span> <span class='ocrx_word' id='word_1_127' title='bbox 659 1762 833 1833; x_wconf 86' lang='lat' dir='ltr'><strong>conposita,</strong></span> <span class='ocrx_word' id='word_1_128' title='bbox 857 1769 891 1821; x_wconf 88' lang='lat' dir='ltr'><strong>ut</strong></span> <span class='ocrx_word' id='word_1_129' title='bbox 905 1762 980 1821; x_wconf 90' lang='lat' dir='ltr'><strong>haec</strong></span> <span class='ocrx_word' id='word_1_130' title='bbox 999 1771 1126 1836; x_wconf 90' lang='lat' dir='ltr'><strong>possent</strong></span> <span class='ocrx_word' id='word_1_131' title='bbox 1143 1771 1173 1823; x_wconf 90' lang='lat' dir='ltr'><strong>et</strong></span> 
     </span>
     <span class='ocr_line' id='line_1_17' title="bbox 198 1842 1173 1920; baseline 0.002 -17"><span class='ocrx_word' id='word_1_132' title='bbox 198 1845 395 1917; x_wconf 87' lang='lat' dir='ltr'><strong>detorquere]</strong></span> <span class='ocrx_word' id='word_1_133' title='bbox 405 1843 419 1876; x_wconf 81' lang='lat'>*</span> <span class='ocrx_word' id='word_1_134' title='bbox 429 1844 443 1876; x_wconf 80' lang='lat'>*</span> <span class='ocrx_word' id='word_1_135' title='bbox 452 1844 482 1901; x_wconf 94' lang='lat' dir='ltr'><strong>in</strong></span> <span class='ocrx_word' id='word_1_136' title='bbox 496 1858 632 1916; x_wconf 90' lang='lat' dir='ltr'><strong>pravum.</strong></span> <span class='ocrx_word' id='word_1_137' title='bbox 643 1842 727 1913; x_wconf 86' lang='lat' dir='ltr'><strong>Nam,</strong></span> <span class='ocrx_word' id='word_1_138' title='bbox 741 1842 852 1913; x_wconf 88' lang='lat' dir='ltr'><strong>utdixi‚</strong></span> <span class='ocrx_word' id='word_1_139' title='bbox 865 1853 937 1904; x_wconf 92' lang='lat' dir='ltr'><strong>sunt</strong></span> <span class='ocrx_word' id='word_1_140' title='bbox 948 1846 1083 1919; x_wconf 86' lang='lat' dir='ltr'><strong>specula,</strong></span> <span class='ocrx_word' id='word_1_141' title='bbox 1092 1862 1173 1920; x_wconf 87' lang='lat' dir='ltr'><strong>quae</strong></span> 
     </span>
     <span class='ocr_line' id='line_1_18' title="bbox 198 1924 1173 1999; baseline 0.002 -14"><span class='ocrx_word' id='word_1_142' title='bbox 198 1926 309 1985; x_wconf 82' lang='lat' dir='ltr'><strong>taciem</strong></span> <span class='ocrx_word' id='word_1_143' title='bbox 329 1924 578 1999; x_wconf 85' lang='lat' dir='ltr'><strong>prospicientium</strong></span> <span class='ocrx_word' id='word_1_144' title='bbox 600 1924 769 1999; x_wconf 88' lang='lat' dir='ltr'><strong>obliquent,</strong></span> <span class='ocrx_word' id='word_1_145' title='bbox 792 1933 862 1985; x_wconf 88' lang='lat' dir='ltr'><strong>sunt</strong></span> <span class='ocrx_word' id='word_1_146' title='bbox 883 1943 961 1999; x_wconf 86' lang='lat' dir='ltr'><strong>quae</strong></span> <span class='ocrx_word' id='word_1_147' title='bbox 981 1929 1011 1985; x_wconf 91' lang='lat' dir='ltr'><strong>in</strong></span> <span class='ocrx_word' id='word_1_148' title='bbox 1026 1929 1173 1988; x_wconf 83' lang='lat' dir='ltr'><strong>infinitum</strong></span> 
     </span>
     <span class='ocr_line' id='line_1_19' title="bbox 198 2007 1174 2082; baseline 0.003 -15"><span class='ocrx_word' id='word_1_149' title='bbox 198 2015 332 2081; x_wconf 88' lang='lat' dir='ltr'><strong>augeant</strong></span> <span class='ocrx_word' id='word_1_150' title='bbox 351 2007 408 2080; x_wconf 87' lang='lat' dir='ltr'><strong>ita,</strong></span> <span class='ocrx_word' id='word_1_151' title='bbox 426 2015 459 2067; x_wconf 92' lang='lat' dir='ltr'><strong>ut</strong></span> <span class='ocrx_word' id='word_1_152' title='bbox 479 2008 641 2067; x_wconf 89' lang='lat' dir='ltr'><strong>humanum</strong></span> <span class='ocrx_word' id='word_1_153' title='bbox 662 2008 796 2068; x_wconf 91' lang='lat' dir='ltr'><strong>habitum</strong></span> <span class='ocrx_word' id='word_1_154' title='bbox 817 2010 1001 2082; x_wconf 89' lang='lat' dir='ltr'><strong>modumque</strong></span> <span class='ocrx_word' id='word_1_155' title='bbox 1023 2012 1174 2070; x_wconf 85' lang='lat' dir='ltr'><strong>excedant</strong></span> 
     </span>
     <span class='ocr_line' id='line_1_20' title="bbox 198 2099 560 2163; baseline -0.008 -13"><span class='ocrx_word' id='word_1_156' title='bbox 198 2099 371 2151; x_wconf 90' lang='lat' dir='ltr'><strong>nostrorum</strong></span> <span class='ocrx_word' id='word_1_157' title='bbox 390 2105 560 2163; x_wconf 88' lang='lat' dir='ltr'><strong>corporum.</strong></span> 
     </span>
    </p>

    <p class='ocr_par' dir='ltr' id='par_1_3' title="bbox 199 2173 1206 2742">
     <span class='ocr_line' id='line_1_21' title="bbox 262 2173 1206 2249; baseline 0.001 -17"><span class='ocrx_word' id='word_1_158' title='bbox 262 2174 342 2233; x_wconf 86' lang='lat' dir='ltr'><strong>XVI.</strong></span> <span class='ocrx_word' id='word_1_159' title='bbox 364 2174 431 2231; x_wconf 90' lang='lat' dir='ltr'><strong>Hoc</strong></span> <span class='ocrx_word' id='word_1_160' title='bbox 451 2174 519 2233; x_wconf 92' lang='lat' dir='ltr'><strong>loco</strong></span> <span class='ocrx_word' id='word_1_161' title='bbox 541 2176 611 2234; x_wconf 91' lang='lat' dir='ltr'><strong>voto</strong></span> <span class='ocrx_word' id='word_1_162' title='bbox 633 2173 686 2232; x_wconf 92' lang='lat' dir='ltr'><strong>tibi</strong></span> <span class='ocrx_word' id='word_1_163' title='bbox 701 2188 825 2231; x_wconf 85' lang='lat' dir='ltr'><strong>narrare</strong></span> <span class='ocrx_word' id='word_1_164' title='bbox 841 2173 996 2247; x_wconf 82' lang='lat' dir='ltr'><strong>tabellam,</strong></span> <span class='ocrx_word' id='word_1_165' title='bbox 1011 2181 1044 2234; x_wconf 88' lang='lat' dir='ltr'><strong>ut</strong></span> <span class='ocrx_word' id='word_1_166' title='bbox 1057 2175 1171 2234; x_wconf 91' lang='lat' dir='ltr'><strong>intelle·</strong></span> <span class='ocrx_word' id='word_1_167' title='bbox 1191 2198 1206 2249; x_wconf 94' lang='lat' dir='ltr'><strong>l</strong></span> 
     </span>
     <span class='ocr_line' id='line_1_22' title="bbox 199 2255 1172 2331; baseline 0.002 -17"><span class='ocrx_word' id='word_1_168' title='bbox 199 2271 272 2330; x_wconf 81' lang='lat' dir='ltr'><strong>gaS,</strong></span> <span class='ocrx_word' id='word_1_169' title='bbox 295 2272 385 2329; x_wconf 90' lang='lat' dir='ltr'><strong>quam</strong></span> <span class='ocrx_word' id='word_1_170' title='bbox 403 2256 517 2315; x_wconf 90' lang='lat' dir='ltr'><strong>nullum</strong></span> <span class='ocrx_word' id='word_1_171' title='bbox 533 2257 762 2316; x_wconf 87' lang='lat' dir='ltr'><strong>instrumentum</strong></span> <span class='ocrx_word' id='word_1_172' title='bbox 779 2255 946 2314; x_wconf 88' lang='lat' dir='ltr'><strong>imitandae</strong></span> <span class='ocrx_word' id='word_1_173' title='bbox 962 2258 1124 2331; x_wconf 89' lang='lat' dir='ltr'><strong>voluptatis</strong></span> <span class='ocrx_word' id='word_1_174' title='bbox 1139 2259 1172 2316; x_wconf 92' lang='lat' dir='ltr'><strong>li-</strong></span> 
     </span>
     <span class='ocr_line' id='line_1_23' title="bbox 199 2338 1174 2419; baseline 0.001 -21"><span class='ocrx_word' id='word_1_175' title='bbox 199 2340 274 2398; x_wconf 92' lang='lat' dir='ltr'><strong>bido</strong></span> <span class='ocrx_word' id='word_1_176' title='bbox 296 2345 468 2398; x_wconf 88' lang='lat' dir='ltr'><strong>contemnat</strong></span> <span class='ocrx_word' id='word_1_177' title='bbox 488 2345 518 2397; x_wconf 88' lang='lat' dir='ltr'><strong>et</strong></span> <span class='ocrx_word' id='word_1_178' title='bbox 537 2338 697 2411; x_wconf 85' lang='lat' dir='ltr'><strong>ingeniosa</strong></span> <span class='ocrx_word' id='word_1_179' title='bbox 720 2340 759 2398; x_wconf 87' lang='lat' dir='ltr'><strong>sit</strong></span> <span class='ocrx_word' id='word_1_180' title='bbox 779 2340 818 2397; x_wconf 89' lang='lat' dir='ltr'><strong>ad</strong></span> <span class='ocrx_word' id='word_1_181' title='bbox 834 2338 1022 2419; x_wconf 83' lang='lat' dir='ltr'><strong>incitandum</strong></span> <span class='ocrx_word' id='word_1_182' title='bbox 1042 2342 1174 2408; x_wconf 80' lang='lat' dir='ltr'><strong>furorem</strong></span> 
     </span>
     <span class='ocr_line' id='line_1_24' title="bbox 201 2421 1174 2494; baseline 0.001 -12"><span class='ocrx_word' id='word_1_183' title='bbox 201 2438 300 2482; x_wconf 91' lang='lat' dir='ltr'><strong>suum.</strong></span> <span class='ocrx_word' id='word_1_184' title='bbox 318 2422 455 2480; x_wconf 72' lang='lat' dir='ltr'><strong>=Hostius</strong></span> <span class='ocrx_word' id='word_1_185' title='bbox 472 2422 525 2481; x_wconf 90' lang='lat' dir='ltr'><strong>luit</strong></span> <span class='ocrx_word' id='word_1_186' title='bbox 540 2421 676 2494; x_wconf 81' lang='lat' dir='ltr'><strong>Quadra,</strong></span> <span class='ocrx_word' id='word_1_187' title='bbox 698 2422 915 2482; x_wconf 87' lang='lat' dir='ltr'><strong>obscoenitatis</strong></span> <span class='ocrx_word' id='word_1_188' title='bbox 930 2423 959 2481; x_wconf 91' lang='lat' dir='ltr'><strong>in</strong></span> <span class='ocrx_word' id='word_1_189' title='bbox 979 2439 1102 2484; x_wconf 87' lang='lat' dir='ltr'><strong>scenam</strong></span> <span class='ocrx_word' id='word_1_190' title='bbox 1123 2440 1174 2483; x_wconf 94' lang='lat' dir='ltr'><strong>us·</strong></span> 
     </span>
     <span class='ocr_line' id='line_1_25' title="bbox 201 2503 1174 2579; baseline 0.001 -17"><span class='ocrx_word' id='word_1_191' title='bbox 201 2520 263 2579; x_wconf 92' lang='lat' dir='ltr'><strong>que</strong></span> <span class='ocrx_word' id='word_1_192' title='bbox 279 2504 455 2578; x_wconf 89' lang='lat' dir='ltr'><strong>productae.</strong></span> <span class='ocrx_word' id='word_1_193' title='bbox 477 2503 557 2564; x_wconf 88' lang='lat' dir='ltr'><strong>huuc</strong></span> <span class='ocrx_word' id='word_1_194' title='bbox 570 2505 692 2565; x_wconf 85' lang='lat' dir='ltr'><strong>divitem</strong></span> <span class='ocrx_word' id='word_1_195' title='bbox 706 2520 839 2575; x_wconf 87' lang='lat' dir='ltr'><strong>avarum,</strong></span> <span class='ocrx_word' id='word_1_196' title='bbox 856 2507 986 2565; x_wconf 87' lang='lat' dir='ltr'><strong>sestertii</strong></span> <span class='ocrx_word' id='word_1_197' title='bbox 1002 2508 1097 2565; x_wconf 89' lang='lat' dir='ltr'><strong>milies</strong></span> <span class='ocrx_word' id='word_1_198' title='bbox 1110 2522 1174 2566; x_wconf 92' lang='lat' dir='ltr'><strong>ser-</strong></span> 
     </span>
     <span class='ocr_line' id='line_1_26' title="bbox 201 2585 1177 2660; baseline 0.002 -16"><span class='ocrx_word' id='word_1_199' title='bbox 201 2603 289 2659; x_wconf 87' lang='lat' dir='ltr'><strong>vum,</strong></span> <span class='ocrx_word' id='word_1_200' title='bbox 307 2585 395 2646; x_wconf 91' lang='lat' dir='ltr'><strong>divus</strong></span> <span class='ocrx_word' id='word_1_201' title='bbox 409 2589 567 2660; x_wconf 83' lang='lat' dir='ltr'><strong>Augustus</strong></span> <span class='ocrx_word' id='word_1_202' title='bbox 583 2588 736 2660; x_wconf 90' lang='lat' dir='ltr'><strong>indignum</strong></span> <span class='ocrx_word' id='word_1_203' title='bbox 749 2587 880 2645; x_wconf 87' lang='lat' dir='ltr'><strong>vindicta</strong></span> <span class='ocrx_word' id='word_1_204' title='bbox 894 2587 1053 2660; x_wconf 86' lang='lat' dir='ltr'><strong>iudicavit,</strong></span> <span class='ocrx_word' id='word_1_205' title='bbox 1074 2604 1143 2647; x_wconf 90' lang='lat' dir='ltr'><strong>oum</strong></span> <span class='ocrx_word' id='word_1_206' title='bbox 1157 2604 1177 2646; x_wconf 88' lang='lat' dir='ltr'><strong>a</strong></span> 
     </span>
     <span class='ocr_line' id='line_1_27' title="bbox 201 2669 1175 2742; baseline -0.002 -13"><span class='ocrx_word' id='word_1_207' title='bbox 201 2669 302 2729; x_wconf 90' lang='lat' dir='ltr'><strong>servis</strong></span> <span class='ocrx_word' id='word_1_208' title='bbox 316 2669 437 2729; x_wconf 91' lang='lat' dir='ltr'><strong>occisus</strong></span> <span class='ocrx_word' id='word_1_209' title='bbox 451 2678 543 2742; x_wconf 88' lang='lat' dir='ltr'><strong>esset,</strong></span> <span class='ocrx_word' id='word_1_210' title='bbox 558 2678 587 2730; x_wconf 90' lang='lat' dir='ltr'><strong>et</strong></span> <span class='ocrx_word' id='word_1_211' title='bbox 600 2676 713 2729; x_wconf 89' lang='lat' dir='ltr'><strong>tantum</strong></span> <span class='ocrx_word' id='word_1_212' title='bbox 731 2684 791 2727; x_wconf 90' lang='lat' dir='ltr'><strong>non</strong></span> <span class='ocrx_word' id='word_1_213' title='bbox 809 2669 1014 2741; x_wconf 88' lang='lat' dir='ltr'><strong>pronuntiavit</strong></span> <span class='ocrx_word' id='word_1_214' title='bbox 1028 2672 1092 2728; x_wconf 90' lang='lat' dir='ltr'><strong>iure</strong></span> <span class='ocrx_word' id='word_1_215' title='bbox 1107 2685 1175 2727; x_wconf 89' lang='lat' dir='ltr'><strong>cae-</strong></span> 
     </span>
    </p>
   </div>
   <div class='ocr_carea' id='block_1_3' title="bbox 201 2752 1295 2833">
    <p class='ocr_par' dir='ltr' id='par_1_4' title="bbox 201 2752 1295 2833">
     <span class='ocr_line' id='line_1_28' title="bbox 201 2752 1295 2833; baseline -0.002 -21"><span class='ocrx_word' id='word_1_216' title='bbox 201 2768 271 2812; x_wconf 90' lang='lat' dir='ltr'><strong>sum</strong></span> <span class='ocrx_word' id='word_1_217' title='bbox 291 2752 396 2812; x_wconf 90' lang='lat' dir='ltr'><strong>videri.</strong></span> <span class='ocrx_word' id='word_1_218' title='bbox 424 2752 489 2811; x_wconf 90' lang='lat' dir='ltr'><strong>Non</strong></span> <span class='ocrx_word' id='word_1_219' title='bbox 506 2759 569 2811; x_wconf 89' lang='lat' dir='ltr'><strong>erat</strong></span> <span class='ocrx_word' id='word_1_220' title='bbox 581 2754 632 2812; x_wconf 91' lang='lat' dir='ltr'><strong>ille</strong></span> <span class='ocrx_word' id='word_1_221' title='bbox 647 2752 685 2811; x_wconf 91' lang='lat' dir='ltr'><strong>ab</strong></span> <span class='ocrx_word' id='word_1_222' title='bbox 700 2768 760 2811; x_wconf 92' lang='lat' dir='ltr'><strong>uno</strong></span> <span class='ocrx_word' id='word_1_223' title='bbox 776 2753 982 2812; x_wconf 87' lang='lat' dir='ltr'><strong>tantummodo</strong></span> <span class='ocrx_word' id='word_1_224' title='bbox 997 2768 1074 2811; x_wconf 84' lang='lat' dir='ltr'><strong>sexu</strong></span> <span class='ocrx_word' id='word_1_225' title='bbox 1088 2754 1206 2824; x_wconf 73' lang='lat' dir='ltr'><strong>iupa-2</strong></span> <span class='ocrx_word' id='word_1_226' title='bbox 1288 2818 1295 2833; x_wconf 44' lang='grc'>,</span> 
     </span>
    </p>
   </div>
   <div class='ocr_carea' id='block_1_4' title="bbox 157 2834 1263 3803">
    <p class='ocr_par' dir='ltr' id='par_1_5' title="bbox 157 2834 1263 3803">
     <span class='ocr_line' id='line_1_29' title="bbox 201 2834 1175 2909; baseline 0.002 -16"><span class='ocrx_word' id='word_1_227' title='bbox 201 2851 265 2907; x_wconf 78' lang='lat' dir='ltr'><strong>ruS,</strong></span> <span class='ocrx_word' id='word_1_228' title='bbox 280 2836 335 2893; x_wconf 90' lang='lat' dir='ltr'><strong>sed</strong></span> <span class='ocrx_word' id='word_1_229' title='bbox 350 2840 411 2893; x_wconf 88' lang='lat' dir='ltr'><strong>tam</strong></span> <span class='ocrx_word' id='word_1_230' title='bbox 426 2836 557 2895; x_wconf 92' lang='lat' dir='ltr'><strong>virorum</strong></span> <span class='ocrx_word' id='word_1_231' title='bbox 573 2850 663 2909; x_wconf 86' lang='lat' dir='ltr'><strong>quam</strong></span> <span class='ocrx_word' id='word_1_232' title='bbox 678 2835 855 2893; x_wconf 82' lang='lat' dir='ltr'><strong>ieuriuarum</strong></span> <span class='ocrx_word' id='word_1_233' title='bbox 867 2835 976 2894; x_wconf 86' lang='lat' dir='ltr'><strong>avidus</strong></span> <span class='ocrx_word' id='word_1_234' title='bbox 992 2836 1077 2907; x_wconf 71' lang='lat' dir='ltr'><strong>[tuiti</strong></span> <span class='ocrx_word' id='word_1_235' title='bbox 1093 2834 1175 2895; x_wconf 86' lang='lat' dir='ltr'><strong>iecit·</strong></span> 
     </span>
     <span class='ocr_line' id='line_1_30' title="bbox 203 2918 1176 2992; baseline 0.001 -15"><span class='ocrx_word' id='word_1_236' title='bbox 203 2932 264 2991; x_wconf 90' lang='lat' dir='ltr'><strong>que</strong></span> <span class='ocrx_word' id='word_1_237' title='bbox 275 2919 403 2990; x_wconf 89' lang='lat' dir='ltr'><strong>specula</strong></span> <span class='ocrx_word' id='word_1_238' title='bbox 414 2918 480 2978; x_wconf 88' lang='lat' dir='ltr'><strong>eius</strong></span> <span class='ocrx_word' id='word_1_239' title='bbox 495 2927 594 2989; x_wconf 89' lang='lat' dir='ltr'><strong>uotae,</strong></span> <span class='ocrx_word' id='word_1_240' title='bbox 610 2918 696 2977; x_wconf 89' lang='lat' dir='ltr'><strong>cuius</strong></span> <span class='ocrx_word' id='word_1_241' title='bbox 708 2919 799 2977; x_wconf 93' lang='lat' dir='ltr'><strong>modo</strong></span> <span class='ocrx_word' id='word_1_242' title='bbox 811 2918 907 2987; x_wconf 89' lang='lat' dir='ltr'><strong>retuli,</strong></span> <span class='ocrx_word' id='word_1_243' title='bbox 924 2918 1069 2992; x_wconf 82' lang='lat' dir='ltr'><strong>imagines</strong></span> <span class='ocrx_word' id='word_1_244' title='bbox 1083 2919 1176 2979; x_wconf 93' lang='lat' dir='ltr'><strong>maio·</strong></span> 
     </span>
     <span class='ocr_line' id='line_1_31' title="bbox 157 2999 1177 3075; baseline 0.002 -17"><span class='ocrx_word' id='word_1_245' title='bbox 157 3037 163 3050; x_wconf 87' lang='lat'><strong>·</strong></span> <span class='ocrx_word' id='word_1_246' title='bbox 202 3017 253 3059; x_wconf 88' lang='lat' dir='ltr'><strong>res</strong></span> <span class='ocrx_word' id='word_1_247' title='bbox 278 2999 452 3073; x_wconf 86' lang='lat' dir='ltr'><strong>reddentia,</strong></span> <span class='ocrx_word' id='word_1_248' title='bbox 478 3002 507 3059; x_wconf 89' lang='lat' dir='ltr'><strong>in</strong></span> <span class='ocrx_word' id='word_1_249' title='bbox 533 3000 645 3074; x_wconf 89' lang='lat' dir='ltr'><strong>quibus</strong></span> <span class='ocrx_word' id='word_1_250' title='bbox 670 3002 782 3075; x_wconf 90' lang='lat' dir='ltr'><strong>digitus</strong></span> <span class='ocrx_word' id='word_1_251' title='bbox 807 2999 922 3060; x_wconf 89' lang='lat' dir='ltr'><strong>brachii</strong></span> <span class='ocrx_word' id='word_1_252' title='bbox 949 3018 1122 3061; x_wconf 89' lang='lat' dir='ltr'><strong>mensuram</strong></span> <span class='ocrx_word' id='word_1_253' title='bbox 1147 3009 1177 3060; x_wconf 91' lang='lat' dir='ltr'><strong>et</strong></span> 
     </span>
     <span class='ocr_line' id='line_1_32' title="bbox 202 3081 1177 3157; baseline -0.001 -15"><span class='ocrx_word' id='word_1_254' title='bbox 202 3081 436 3143; x_wconf 88' lang='lat' dir='ltr'><strong>crassitudinem</strong></span> <span class='ocrx_word' id='word_1_255' title='bbox 456 3084 627 3142; x_wconf 82' lang='lat' dir='ltr'><strong>excederet.</strong></span> <span class='ocrx_word' id='word_1_256' title='bbox 655 3084 731 3142; x_wconf 89' lang='lat' dir='ltr'><strong>haec</strong></span> <span class='ocrx_word' id='word_1_257' title='bbox 753 3091 853 3142; x_wconf 90' lang='lat' dir='ltr'><strong>autem</strong></span> <span class='ocrx_word' id='word_1_258' title='bbox 868 3084 909 3142; x_wconf 87' lang='lat' dir='ltr'><strong>ita</strong></span> <span class='ocrx_word' id='word_1_259' title='bbox 925 3084 1123 3157; x_wconf 89' lang='lat' dir='ltr'><strong>disponebat,</strong></span> <span class='ocrx_word' id='word_1_260' title='bbox 1145 3090 1177 3141; x_wconf 93' lang='lat' dir='ltr'><strong>ut</strong></span> 
     </span>
     <span class='ocr_line' id='line_1_33' title="bbox 203 3164 1177 3240; baseline -0.003 -15"><span class='ocrx_word' id='word_1_261' title='bbox 203 3182 271 3225; x_wconf 91' lang='lat' dir='ltr'><strong>cum</strong></span> <span class='ocrx_word' id='word_1_262' title='bbox 291 3164 389 3224; x_wconf 91' lang='lat' dir='ltr'><strong>virum</strong></span> <span class='ocrx_word' id='word_1_263' title='bbox 404 3164 472 3239; x_wconf 93' lang='lat' dir='ltr'><strong>ipse</strong></span> <span class='ocrx_word' id='word_1_264' title='bbox 487 3174 655 3240; x_wconf 86' lang='lat' dir='ltr'><strong>pateretur,</strong></span> <span class='ocrx_word' id='word_1_265' title='bbox 676 3181 805 3226; x_wconf 88' lang='lat' dir='ltr'><strong>aversus</strong></span> <span class='ocrx_word' id='word_1_266' title='bbox 820 3182 926 3224; x_wconf 91' lang='lat' dir='ltr'><strong>omnes</strong></span> <span class='ocrx_word' id='word_1_267' title='bbox 941 3166 1111 3224; x_wconf 90' lang='lat' dir='ltr'><strong>admissarii</strong></span> <span class='ocrx_word' id='word_1_268' title='bbox 1129 3166 1177 3223; x_wconf 88' lang='lat' dir='ltr'><strong>sui</strong></span> 
     </span>
     <span class='ocr_line' id='line_1_34' title="bbox 202 3248 1177 3322; baseline -0.003 -15"><span class='ocrx_word' id='word_1_269' title='bbox 202 3255 304 3307; x_wconf 88' lang='lat' dir='ltr'><strong>motus</strong></span> <span class='ocrx_word' id='word_1_270' title='bbox 318 3248 348 3307; x_wconf 92' lang='lat' dir='ltr'><strong>in</strong></span> <span class='ocrx_word' id='word_1_271' title='bbox 361 3250 486 3321; x_wconf 89' lang='lat' dir='ltr'><strong>speculo</strong></span> <span class='ocrx_word' id='word_1_272' title='bbox 500 3249 567 3322; x_wconf 92' lang='lat' dir='ltr'><strong>ipse</strong></span> <span class='ocrx_word' id='word_1_273' title='bbox 583 3249 700 3307; x_wconf 91' lang='lat' dir='ltr'><strong>videret</strong></span> <span class='ocrx_word' id='word_1_274' title='bbox 710 3264 747 3305; x_wconf 93' lang='lat' dir='ltr'><strong>ac</strong></span> <span class='ocrx_word' id='word_1_275' title='bbox 761 3248 871 3305; x_wconf 88' lang='lat' dir='ltr'><strong>deinde</strong></span> <span class='ocrx_word' id='word_1_276' title='bbox 883 3249 960 3306; x_wconf 87' lang='lat' dir='ltr'><strong>laisa</strong></span> <span class='ocrx_word' id='word_1_277' title='bbox 971 3248 1177 3321; x_wconf 86' lang='lat' dir='ltr'><strong>magnitudine</strong></span> 
     </span>
     <span class='ocr_line' id='line_1_35' title="bbox 202 3330 1263 3406; baseline -0.004 -15"><span class='ocrx_word' id='word_1_278' title='bbox 202 3331 304 3406; x_wconf 88' lang='lat' dir='ltr'><strong>ipsius</strong></span> <span class='ocrx_word' id='word_1_279' title='bbox 316 3331 442 3390; x_wconf 88' lang='lat' dir='ltr'><strong>membri</strong></span> <span class='ocrx_word' id='word_1_280' title='bbox 459 3340 611 3404; x_wconf 85' lang='lat' dir='ltr'><strong>tamquam</strong></span> <span class='ocrx_word' id='word_1_281' title='bbox 624 3346 697 3389; x_wconf 90' lang='lat' dir='ltr'><strong>vera</strong></span> <span class='ocrx_word' id='word_1_282' title='bbox 710 3330 870 3402; x_wconf 87' lang='lat' dir='ltr'><strong>gaudebat.</strong></span> <span class='ocrx_word' id='word_1_283' title='bbox 903 3330 936 3387; x_wconf 90' lang='lat' dir='ltr'><strong>lu</strong></span> <span class='ocrx_word' id='word_1_284' title='bbox 956 3330 1096 3389; x_wconf 89' lang='lat' dir='ltr'><strong>omnibus</strong></span> <span class='ocrx_word' id='word_1_285' title='bbox 1111 3330 1176 3403; x_wconf 88' lang='lat' dir='ltr'><strong>qui·</strong></span> <span class='ocrx_word' id='word_1_286' title='bbox 1191 3344 1209 3397; x_wconf 77' lang='grc'>3</span> <span class='ocrx_word' id='word_1_287' title='bbox 1260 3356 1263 3362; x_wconf 95' lang='grc'>-</span> 
     </span>
     <span class='ocr_line' id='line_1_36' title="bbox 203 3409 1176 3488; baseline -0.001 -15"><span class='ocrx_word' id='word_1_288' title='bbox 203 3416 273 3474; x_wconf 89' lang='lat' dir='ltr'><strong>dem</strong></span> <span class='ocrx_word' id='word_1_289' title='bbox 288 3413 407 3474; x_wconf 87' lang='lat' dir='ltr'><strong>balneis</strong></span> <span class='ocrx_word' id='word_1_290' title='bbox 423 3416 532 3488; x_wconf 82' lang='lat' dir='ltr'><strong>agebat</strong></span> <span class='ocrx_word' id='word_1_291' title='bbox 546 3415 595 3473; x_wconf 91' lang='lat' dir='ltr'><strong>ille</strong></span> <span class='ocrx_word' id='word_1_292' title='bbox 609 3409 757 3471; x_wconf 78' lang='lat' dir='ltr'><strong>delectum</strong></span> <span class='ocrx_word' id='word_1_293' title='bbox 775 3420 805 3471; x_wconf 86' lang='lat' dir='ltr'><strong>et</strong></span> <span class='ocrx_word' id='word_1_294' title='bbox 818 3418 924 3485; x_wconf 88' lang='lat' dir='ltr'><strong>aperta</strong></span> <span class='ocrx_word' id='word_1_295' title='bbox 938 3428 1081 3472; x_wconf 88' lang='lat' dir='ltr'><strong>mensura</strong></span> <span class='ocrx_word' id='word_1_296' title='bbox 1094 3415 1176 3485; x_wconf 88' lang='lat' dir='ltr'><strong>lege-</strong></span> 
     </span>
     <span class='ocr_line' id='line_1_37' title="bbox 202 3494 1178 3570; baseline -0.003 -14"><span class='ocrx_word' id='word_1_297' title='bbox 202 3498 256 3557; x_wconf 86' lang='lat' dir='ltr'><strong>bat</strong></span> <span class='ocrx_word' id='word_1_298' title='bbox 272 3498 372 3569; x_wconf 85' lang='lat' dir='ltr'><strong>uiros,</strong></span> <span class='ocrx_word' id='word_1_299' title='bbox 395 3498 451 3557; x_wconf 88' lang='lat' dir='ltr'><strong>sed</strong></span> <span class='ocrx_word' id='word_1_300' title='bbox 467 3497 659 3558; x_wconf 87' lang='lat' dir='ltr'><strong>nibilominus</strong></span> <span class='ocrx_word' id='word_1_301' title='bbox 681 3494 847 3565; x_wconf 85' lang='lat' dir='ltr'><strong>mendaciis</strong></span> <span class='ocrx_word' id='word_1_302' title='bbox 869 3511 993 3570; x_wconf 90' lang='lat' dir='ltr'><strong>quoque</strong></span> <span class='ocrx_word' id='word_1_303' title='bbox 1008 3496 1178 3555; x_wconf 84' lang='lat' dir='ltr'><strong>insatiabile</strong></span> 
     </span>
     <span class='ocr_line' id='line_1_38' title="bbox 203 3578 1178 3651; baseline -0.004 -10"><span class='ocrx_word' id='word_1_304' title='bbox 203 3582 317 3641; x_wconf 88' lang='lat' dir='ltr'><strong>malurn</strong></span> <span class='ocrx_word' id='word_1_305' title='bbox 335 3579 524 3641; x_wconf 84' lang='lat' dir='ltr'><strong>oblectabat:</strong></span> <span class='ocrx_word' id='word_1_306' title='bbox 550 3581 559 3639; x_wconf 89' lang='lat' dir='ltr'><strong>i</strong></span> <span class='ocrx_word' id='word_1_307' title='bbox 582 3594 662 3639; x_wconf 89' lang='lat' dir='ltr'><strong>nuno</strong></span> <span class='ocrx_word' id='word_1_308' title='bbox 685 3585 714 3636; x_wconf 91' lang='lat' dir='ltr'><strong>et</strong></span> <span class='ocrx_word' id='word_1_309' title='bbox 728 3578 777 3637; x_wconf 89' lang='lat' dir='ltr'><strong>dio</strong></span> <span class='ocrx_word' id='word_1_310' title='bbox 792 3582 949 3651; x_wconf 90' lang='lat' dir='ltr'><strong>speculum</strong></span> <span class='ocrx_word' id='word_1_311' title='bbox 965 3578 1178 3643; x_wconf 89' lang='lat' dir='ltr'><strong>munditiarum</strong></span> 
     </span>
     <span class='ocr_line' id='line_1_39' title="bbox 204 3663 1178 3738; baseline 0 -15"><span class='ocrx_word' id='word_1_312' title='bbox 204 3680 302 3724; x_wconf 87' lang='lat' dir='ltr'><strong>causa</strong></span> <span class='ocrx_word' id='word_1_313' title='bbox 314 3670 479 3738; x_wconf 85' lang='lat' dir='ltr'><strong>repertum.</strong></span> <span class='ocrx_word' id='word_1_314' title='bbox 505 3663 610 3723; x_wconf 85' lang='lat' dir='ltr'><strong>Foeda</strong></span> <span class='ocrx_word' id='word_1_315' title='bbox 624 3663 705 3721; x_wconf 90' lang='lat' dir='ltr'><strong>dictu</strong></span> <span class='ocrx_word' id='word_1_316' title='bbox 721 3668 807 3734; x_wconf 88' lang='lat' dir='ltr'><strong>suut,</strong></span> <span class='ocrx_word' id='word_1_317' title='bbox 824 3678 903 3736; x_wconf 87' lang='lat' dir='ltr'><strong>quae</strong></span> <span class='ocrx_word' id='word_1_318' title='bbox 918 3668 1088 3735; x_wconf 88' lang='lat' dir='ltr'><strong>portentum</strong></span> <span class='ocrx_word' id='word_1_319' title='bbox 1103 3663 1178 3722; x_wconf 91' lang='lat' dir='ltr'><strong>illud</strong></span> 
     </span>
     <span class='ocr_line' id='line_1_40' title="bbox 961 3744 1016 3803; baseline 0 0"><span class='ocrx_word' id='word_1_320' title='bbox 961 3744 1016 3803; x_wconf 77' lang='lat'><strong>12*</strong></span> 
     </span>
    </p>
   </div>
   <div class='ocr_carea' id='block_1_5' title="bbox 0 0 1489 4384">
    <p class='ocr_par' dir='ltr' id='par_1_6' title="bbox 0 0 1489 4384">
     <span class='ocr_line' id='line_1_41' title="bbox 0 0 1489 4384; baseline 0 0"><span class='ocrx_word' id='word_1_321' title='bbox 0 0 1489 4384; x_wconf 95' lang='lat' dir='ltr'><strong> </strong></span> 
     </span>
    </p>
   </div>
  </div>
 </body>
</html>
