2942 4384
369 462 510 523 NATUR.
525 459 690 536 QUAEST.
713 460 835 521 Ltutl.
858 469 988 524 12—18.
1108 462 1168 527 191

194 610 362 685 concipere
375 607 537 668 flammam.
560 608 662 683 itaque
676 608 839 668 verisimile
853 616 943 670 estet
957 611 986 669 in
1002 614 1073 671 aere
1087 629 1168 673 sum·

193 711 259 767 mo,
285 692 338 768 qui
358 699 494 751 naturam
514 692 653 765 rapiendi
674 690 753 765 ignis
774 692 880 764 habet,
909 694 1021 766 aliquid
1041 698 1169 756 accendi

195 778 300 837 calore
315 775 447 835 aetheris
463 774 659 847 superpositi.
683 788 818 833 necesse
834 782 882 833 est
896 775 990 848 enim,
1006 785 1040 836 ut
1050 785 1080 836 et
1091 778 1168 837 imus

194 859 301 919 aether
321 858 432 917 lrabeat
451 858 566 930 aliquid
586 856 649 915 aeri
669 856 768 915 simile
790 864 819 916 et
836 873 972 916 summus
987 875 1114 918 aennon
1130 861 1169 921 sit

195 939 354 1002 dissimilis
373 940 433 999 imo
454 938 583 1011 aetheri,
613 939 764 1013 quianon
787 940 821 997 iit
841 942 939 999 statim
961 942 990 999 in
1015 943 1169 1001 diversum

194 1040 234 1084 ex
254 1024 379 1082 diverso
400 1022 560 1081 transitus:
583 1021 724 1095 paulatim
742 1020 800 1081 ista
813 1022 842 1079 in
859 1024 992 1083 confinio
1006 1025 1066 1082 vim
1082 1040 1168 1083 suam

195 1107 325 1165 miscent
344 1103 400 1178 ita,
419 1111 452 1163 ut
465 1102 609 1163 ‘dubitare
631 1105 748 1178 possis,
770 1119 811 1163 an·
829 1121 897 1179 aer,
919 1122 959 1165 an
979 1106 1028 1166 hie
1044 1108 1103 1166 iam
1118 1123 1167 1167 ae·

196 1188 264 1248 ther
278 1187 326 1246 sit

257 1270 325 1329 XV.
346 1267 473 1341 Quidam
486 1283 524 1326 ex
536 1268 647 1327 nostris
657 1268 832 1329 existimant
844 1273 930 1342 alim,
946 1287 1014 1329 cum
1026 1270 1056 1330 in
1069 1272 1167 1345 ignem

194 1360 226 1412 et
235 1367 347 1427 aquam
360 1351 510 1411 mutabilis
522 1351 569 1422 sil,
585 1366 644 1409 non
657 1351 816 1410 detrahere
827 1353 948 1411 aliunde
960 1368 1071 1413 causas
1083 1353 1167 1413 llam-

193 1450 314 1495 marum
336 1450 443 1493 novas.
471 1432 540 1507 ipse
560 1433 638 1492 enim
660 1448 694 1492 se
715 1436 867 1493 movendo
889 1436 1029 1494 accendit
1049 1444 1078 1495 et
1099 1452 1167 1495 cum

194 1518 313 1577 densos
334 1522 563 1590 conpactosquc
584 1516 707 1575 nubium
723 1516 809 1574 sinus
825 1517 968 1590 dissipat,
992 1519 1167 1579 necessario

195 1608 316 1664 vastum
329 1598 359 1657 in
375 1606 435 1657 tarn
450 1595 625 1671 magnorum
640 1614 803 1672 corporum
820 1600 991 1673 diruptione
1007 1602 1107 1660 reddit
1117 1618 1167 1660 so-

194 1699 279 1741 num.
311 1682 365 1740 llla
387 1697 478 1756 porro
497 1681 620 1740 nubium
635 1681 797 1740 difficulter
811 1680 982 1741 cedentium
998 1699 1101 1756 pugna
1114 1685 1167 1743 ali-

195 1764 272 1839 quid
291 1764 410 1823 confert
430 1765 469 1822 ad
490 1763 699 1823 concitandum
714 1763 830 1836 ignem,
853 1766 897 1823 sic
913 1767 1167 1839 quemadmodum

194 1849 278 1907 terro
305 1846 345 1906 ad
371 1848 536 1906 secandum
559 1846 671 1920 aliquid
692 1862 801 1906 manus
821 1850 957 1922 conlert,
984 1849 1041 1911 sed
1062 1865 1169 1910 secare

194 1929 338 1989 ferriest

257 2010 337 2070 xvt.
361 2009 455 2084 Quid
479 2027 571 2085 ergo
594 2012 695 2071 inter
716 2012 1019 2085 fulgurationem
1037 2021 1073 2071 et
1094 2014 1168 2073 lul-

196 2109 277 2154 men
306 2101 389 2153 est?
416 2094 525 2152 dicam.
564 2094 737 2167 Fulguratio
755 2102 803 2153 est
823 2096 881 2153 late
902 2095 980 2167 ignis
997 2096 1167 2168 explicitus,

196 2177 309 2241 fulmen
331 2184 379 2236 est
398 2183 521 2235 coactus
537 2178 615 2250 ignis
634 2185 662 2236 et
675 2177 779 2250 inpetu
794 2177 900 2236 iactus.
937 2176 1077 2237 Solemus
1093 2178 1167 2237 dua-

195 2260 254 2320 bus
265 2260 403 2319 manibus
416 2258 491 2329 inter
503 2276 537 2318 se
548 2260 657 2318 iunctis
668 2276 777 2334 aquam
791 2261 953 2334 concipere
971 2268 1000 2320 et
1021 2277 1167 2334 conpres-

196 2358 233 2401 sa
246 2343 399 2416 utrimque
414 2343 511 2416 palma
528 2344 556 2400 in
572 2344 695 2402 modum
711 2342 849 2416 siphonis
862 2343 1047 2416 exprimere:
1071 2344 1168 2403 simile

197 2425 343 2499 quiddam
355 2432 384 2483 et
396 2426 454 2483 illic
465 2425 529 2484 fieri
542 2433 623 2499 putu.
654 2421 784 2484 Nubium
796 2426 872 2483 inter
884 2441 918 2484 se
931 2442 1168 2500 conpressorum

196 2507 357 2581 angustiae
377 2508 507 2572 medium
531 2508 668 2581 spiritum
689 2508 801 2568 eiciunt
820 2515 850 2566 et
877 2508 935 2567 hoc
962 2510 1030 2582 ipso
1051 2509 1167 2567 iniiam-

195 2597 280 2649 mant
303 2597 333 2649 et
352 2590 490 2650 tormenti
510 2591 602 2650 modo
627 2592 772 2658 eniittunt.
803 2606 871 2648 nam
895 2589 1023 2650 balistae
1044 2607 1168 2664 quoque

195 2673 442 2747 scorpionesque
456 2674 515 2732 tela
529 2689 597 2731 cum
613 2689 690 2731 sono
705 2673 887 2750 expellunt„

257 2755 352 2814 XVII.
382 2755 507 2827 Quidam
530 2756 703 2815 existimant
722 2771 791 2815 curn
817 2754 955 2827 spiritum
981 2754 1167 2829 perfrigida

195 2844 289 2911 atque
311 2837 434 2897 humida
453 2846 602 2897 meantem
624 2853 731 2895 sonum
753 2838 898 2896 reddere:
921 2854 959 2897 ne
976 2838 1086 2898 ferrum
1103 2839 1169 2913 qui-

196 2921 266 2980 dem
292 2922 404 2979 ardens
429 2919 549 2980 silentio
574 2919 709 2993 tingitur,
739 2921 794 2980 sed
815 2921 840 2980 si
861 2920 890 2987 in
914 2937 1024 2995 aquam
1047 2924 1168 2982 lervens

195 3018 301 3062 massa
314 3004 488 3077 descendit,
510 3019 578 3062 cum
594 3006 687 3066 multo
705 3019 857 3062 murmure
873 3006 1083 3077 exstinguitur.
1113 3011 1167 3077 [ut]

194 3086 402 3145 Anaximenes
422 3087 476 3145 altr
499 3087 644 3160 „spiritus
662 3088 799 3145 incidens
815 3086 946 3145 nubibus
962 3089 1091 3146 tonitrua
1107 3089 1169 3146 edit

195 3175 239 3241 et,
268 3169 341 3227 dum
366 3170 495 3229 luctatur
518 3185 572 3243 per
597 3168 749 3228 obstantia
772 3176 864 3242 atque
885 3169 1026 3227 intercisa
1046 3170 1167 3241 vadere,

194 3253 266 3325 ipsa
280 3251 381 3324 ignem
396 3252 467 3325 luga
481 3252 649 3310 accendit.“

257 3333 370 3395 xv111.
386 3335 632 3394 Anaximandros
645 3332 746 3393 omnia
760 3332 799 3391 ad
811 3348 825 3391 s
830 3330 949 3406 piritum
959 3331 1069 3392 retulit.
1092 3332 1167 3404 ,,Το-

195 3417 310 3487 nitrua‚
339 3417 449 3491 inquit,
480 3425 550 3477 sunt
570 3417 659 3475 nubis
675 3416 753 3475 ictae
767 3432 873 3474 sonus.
910 3416 1009 3488 Quare
1025 3415 1167 3488 inaequa-

194 3499 236 3558 lia
255 3506 348 3559 suntt
375 3500 445 3573 quia
465 3507 496 3559 et
512 3501 581 3574 ipse
596 3500 673 3558 ictus
689 3498 856 3573 inaequalis
872 3506 928 3557 est.
963 3499 1061 3571 Quare
1076 3505 1105 3557 et
1120 3513 1168 3556 se-

194 3598 270 3643 reno
290 3589 396 3643 tonat?
419 3584 493 3657 quia
513 3591 585 3643 tunc
606 3598 729 3656 quoque
752 3598 806 3655 per
823 3598 968 3656 quassum
986 3592 1016 3639 et
1037 3580 1168 3639 scissum

196 3669 267 3725 aera
287 3666 413 3741 spiritus
436 3667 562 3742 prosilit.
601 3667 641 3726 At
662 3680 758 3740 quare
773 3665 936 3740 aliquando
951 3680 1012 3740 non
1028 3664 1168 3739 lrdgurat,
