2942 4384
436 474 487 537 DE
507 474 719 539 enutriens
740 478 813 538 LlB.
825 479 862 539 V.
884 487 981 545 t—e.
1155 479 1196 543 93

219 627 292 687 nihil
309 627 422 688 dieitur
439 628 584 703 perdere,
602 629 829 704 quiaquicquid
841 630 884 689 illi
895 631 1046 706 avellitur,
1062 633 1102 692 ad
1116 633 1196 693 illam

217 712 313 784 redit,
332 726 391 772 nee
404 711 503 787 perire
519 712 681 787 quicquam
693 721 810 788 potest,
830 716 914 788 quod
928 732 989 789 quo
1003 716 1125 775 excidat
1136 734 1196 776 non

218 795 321 872 habet,
337 797 393 855 scd
408 794 515 854 eodem
527 796 701 871 revolvitur,
718 797 801 856 unde
816 797 956 858 discedit.
978 799 1077 871 „Quid
1090 800 1196 872 simile,

219 880 341 954 inquiS,
355 878 449 937 habet
461 877 520 938 hoc
531 880 703 953 exemplum
716 881 893 955 propositae
905 882 1120 955 ευεεειίοιιίιιι
1147 884 1196 942 Di-
1209 887 1227 941 6

221 977 297 1022 cam.
323 961 401 1022 Puta
417 969 446 1020 te
458 960 607 1035 ingratum
619 978 705 1021 esse:
728 980 790 1023 non
805 965 882 1038 perit
892 965 1083 1024 beneficium.
1106 966 1199 1025 habet

221 1046 295 1105 illud
310 1044 364 1121 qui
380 1045 474 1104 dedit.
497 1052 611 1119 putate
625 1045 870 1121 reciperenolle=
893 1049 976 1122 apud
987 1057 1016 1108 te
1028 1056 1090 1120 est,
1113 1057 1196 1108 aute-

221 1144 312 1204 quam
324 1128 472 1188 redditur.
500 1128 565 1188 Non
581 1137 670 1203 potes
683 1131 846 1205 quicquam
861 1133 1011 1206 amittere,
1028 1133 1100 1207 quia
1112 1132 1198 1207 quod

220 1211 403 1285 detrahitur,
432 1208 627 1272 nihilomiuus
652 1212 705 1272 tibi
731 1215 906 1287 acquiritur.
941 1216 1019 1275 intra
1044 1223 1073 1275 te
1096 1215 1196 1291 ipsum

221 1295 303 1356 orbis
319 1295 435 1370 agilum
457 1296 636 1369 accipiendo
655 1297 726 1370 das,
748 1297 850 1357 dando
866 1299 990 1372 accipis.

281 1378 335 1437 tx.
365 1378 587 1452 „Beneficium
608 1379 718 1454 inquit,
743 1380 801 1438 sibi
820 1381 894 1439 dare
914 1388 1049 1455 oportet=
1076 1384 1225 1457 ergoetl

219 1462 337 1521 reterre
359 1462 485 1535 gratiam
506 1467 657 1537 oportet.“
693 1462 823 1522 Primum
845 1464 919 1522 illud
941 1465 1051 1524 laisum
1073 1473 1134 1538 εει,
1158 1482 1197 1525 ex

221 1562 281 1621 quo
305 1544 440 1619 pendent
460 1546 629 1619 sequentia.
657 1561 747 1605 nemo
765 1546 845 1606 enim
867 1548 924 1606 sibi
940 1546 1121 1608 beneficium
1137 1550 1197 1621 det,

221 1629 276 1688 sed
299 1636 427 1687 naturae
442 1644 517 1687 suae
534 1635 633 1703 paret,
655 1644 674 1687 a
690 1646 751 1703 qua
766 1630 806 1689 ad
821 1631 975 1691 caritatem
990 1633 1038 1691 sui
1056 1633 1197 1706 conposi-

221 1719 269 1772 tus
291 1718 350 1771 est.
378 1710 459 1769 unde
479 1711 520 1770 illi
542 1728 659 1771 summa
675 1728 749 1772 cura
763 1720 810 1773 est
825 1714 962 1773 nocitura
974 1714 1104 1788 vitandi,
1129 1732 1198 1790 pro—

222 1797 325 1856 tutura
339 1794 513 1867 adpetendi.
539 1796 646 1869 ltaque
662 1812 719 1855 nec
734 1797 867 1856 liberalis
883 1805 939 1872 est,
955 1800 1007 1873 qui
1023 1798 1079 1858 sibi
1096 1800 1227 1872 donata

220 1894 277 1938 nec
293 1880 444 1952 clemcnS,
466 1876 518 1951 qni
533 1878 591 1938 sibi
606 1880 751 1953 ignoscit,
765 1896 823 1939 uec
838 1880 1028 1954 misericors,
1046 1884 1097 1956 qui
1112 1883 1198 1941 malis

220 1960 287 2022 suis
304 1961 451 2036 tangitur=
474 1962 557 2035 quod
571 1963 636 2021 aliis
650 1970 806 2038 praestare
817 1963 980 2023 liberalitas
992 1972 1053 2038 est,
1070 1967 1199 2024 clemen·

219 2044 277 2118 tia,
304 2044 531 2118 misericordia,
552 2044 610 2105 sibi
626 2052 783 2121 praestare
801 2052 907 2104 nature
922 2052 978 2105 est.
1013 2048 1199 2106 Beneficium

219 2143 272 2188 res
282 2128 455 2188 voluntaria
466 2135 522 2187 est.
545 2136 576 2189 at
590 2130 742 2202 prodesse
752 2128 810 2188 sibi
825 2130 1031 2189 necessarium
1046 2136 1102 2193 est.
1135 2130 1199 2202 Quo

221 2211 292 2287 quis
306 2210 393 2285 plura
405 2210 554 2270 beneficia
566 2212 650 2289 dedit
659 2212 878 2273 beneficentior
889 2219 951 2271 est:
975 2214 1044 2288 quis
1057 2229 1200 2287 umquam

220 2295 367 2355 laudatus
383 2300 445 2366 est,
467 2296 550 2368 quod
565 2295 623 2354 sibi
638 2296 706 2369 ipse
720 2297 828 2356 luisset
843 2295 978 2356 auxilior
997 2297 1081 2371 quod
1097 2312 1131 2357 se
1143 2297 1199 2355 eri-

220 2378 345 2454 puisset
365 2376 553 2437 latronibus?
584 2379 678 2438 Nemo
702 2378 761 2438 sibi
778 2379 959 2439 beneficium
975 2380 1039 2455 dat,
1062 2397 1122 2440 non
1139 2397 1200 2439 ma·

220 2462 270 2537 gis
292 2476 385 2542 quam
408 2459 586 2535 hospitium,
608 2478 697 2521 nenio
716 2462 774 2521 sibi
789 2464 896 2534 donat,
919 2480 980 2522 non
997 2464 1094 2537 magis
1111 2480 1200 2538 quam

221 2541 330 2605 credit.
368 2542 400 2603 Si
416 2542 468 2603 dat
482 2542 539 2602 sibi
555 2546 686 2619 quisque
698 2544 895 2620 beneficium,
918 2563 1041 2621 semper
1053 2548 1119 2619 dat,
1135 2548 1230 2611 sinet

222 2625 451 2689 intermissione
466 2628 532 2700 dat,
554 2627 630 2688 inire
649 2630 867 2689 beneficiorum
884 2644 1009 2688 suornm
1024 2645 1084 2688 non
1102 2638 1203 2702 potest

221 2726 393 2771 nnmerum.
430 2712 553 2785 quando
574 2728 647 2786 ergo
669 2714 796 2786 gratiam
816 2713 941 2784 reseret,
971 2728 1039 2770 cum
1065 2728 1121 2786 per
1143 2711 1203 2770 hoc

222 2794 342 2870 ipsum,
371 2809 432 2868 quo
455 2796 581 2868 gratiam
601 2798 708 2868 relert,
736 2795 919 2855 beneficium
939 2795 1012 2855 dall
1047 2795 1202 2869 quomodo

222 2877 305 2937 enim
326 2877 501 2937 discernere
524 2880 649 2953 poterit,
676 2886 777 2939 utrum
799 2880 849 2938 det
873 2880 932 2939 sibi
955 2878 1138 2939 beneficium
1165 2895 1202 2938 an

221 2960 348 3033 reddat,
369 2976 437 3020 cum
458 2959 536 3022 intra
554 2963 694 3022 eumdem
713 2962 866 3022 hominem
887 2978 937 3023 res
952 2970 1095 3037 geratori
1115 2962 1202 3021 Libe·
1274 2971 1278 2979 ¹

222 3044 290 3103 ravi
312 3058 361 3102 me
376 3044 526 3117 periculo:
547 3046 729 3106 beneficium
747 3044 819 3104 mihi
835 3047 915 3105 dedi.
938 3046 1044 3105 iterum
1060 3061 1108 3104 me
1126 3046 1203 3119 peri·

224 3128 296 3187 eulo
317 3126 429 3186 libero:
459 3135 557 3188 utrum
580 3130 620 3189 do
638 3128 818 3190 beneficium
834 3145 871 3188 an
886 3129 1006 3189 reddor
1039 3129 1156 3187 Deinde
1172 3129 1233 3185 ut4

224 3211 357 3285 primum
372 3210 444 3269 illud
459 3214 634 3286 concedam,
650 3213 724 3271 dare
740 3228 798 3272 nos
812 3212 994 3271 beneficium
1006 3210 1105 3282 uobis,
1121 3209 1205 3282 quod

224 3294 365 3369 sequitur
384 3310 444 3353 non
466 3297 643 3355 concedam.
670 3312 739 3354 nam
755 3295 875 3353 etiamsi
890 3295 1013 3365 domne,
1036 3306 1097 3352 non
1112 3292 1204 3350 debe-

223 3392 310 3449 nnuS,
333 3377 405 3451 quia
426 3378 524 3437 statim
545 3380 725 3454 recipimus:
750 3378 890 3451 accipere
911 3393 959 3435 me
977 3383 1098 3450 oportet
1112 3375 1204 3434 bene-

224 3459 343 3532 ficium,
371 3460 483 3520 deinde
509 3464 635 3534 debere,
665 3462 775 3520 deinde
801 3460 924 3520 reterre.
959 3460 1091 3520 debendi
1116 3461 1204 3517 locus

224 3560 286 3604 non
309 3549 370 3616 est,
395 3544 467 3618 quia
487 3544 553 3605 sine
574 3546 636 3605 ulla
657 3561 743 3603 mora
763 3545 937 3618 recipimus.
969 3545 1027 3604 Dat
1041 3558 1129 3602 nemo
1146 3542 1204 3601 nisi

226 3625 322 3698 alteri.
352 3626 444 3687 debet
458 3644 547 3687 nemo
563 3629 620 3687 nisi
636 3629 730 3689 alteri.
757 3628 859 3687 reddit
873 3643 961 3687 nemo
978 3627 1036 3686 nisi
1052 3626 1151 3685 elteri:
1175 3626 1206 3685 id

225 3708 303 3771 intra
318 3725 412 3771 unum
427 3727 490 3771 non
505 3719 608 3789 potest
621 3713 701 3787 heri,
718 3712 801 3787 quod
818 3714 927 3773 totiens
943 3712 1022 3771 duos
1039 3709 1141 3783 exigit.
