2942 4384
398 484 538 546 NATUR.
553 485 716 560 QUAEST.
739 430 810 545 tta.
823 488 860 547 V.
884 495 926 549 18.
1087 487 1150 551 269

174 652 236 698 non
253 638 390 698 emittere
404 636 529 712 aliquod
545 653 633 697 suum
648 640 758 697 malum
776 636 888 712 possit:
910 638 992 697 unde
1007 639 1087 712 scio,
1111 656 1149 699 an

174 738 257 781 nunc
279 720 389 795 aliquis
412 735 539 793 magnae
561 721 660 794 gentis
681 722 711 780 in
732 722 834 780 abdito
850 721 991 781 dominus
1010 724 1148 782 fortunae

172 805 364 877 indulgentia
378 810 497 861 tumens
511 820 572 861 non
585 805 737 861 contineat
752 805 828 863 intra
843 804 987 864 terminos
1002 821 1093 877 arma,
1110 822 1148 863 an

174 894 263 962 paret
278 888 395 945 classes
411 887 513 958 ignota
530 885 680 945 moliens?
700 888 782 945 unde
798 889 878 961 scio,
898 889 947 947 hic
961 888 1031 946 milri
1046 905 1084 946 an
1099 890 1149 947 ille

174 978 284 1030 ventus
304 970 417 1027 bellum
437 969 579 1028 invehett
607 984 715 1042 magna
731 986 802 1043 pars
819 979 883 1030 erat
896 972 1047 1030 humanae
1064 973 1152 1045 pacis.

172 1051 270 1112 marla
292 1052 456 1126 praecludi.
497 1051 564 1111 Non
586 1058 702 1124 tamen,
731 1061 764 1112 ut
789 1055 880 1127 paulo
906 1062 976 1114 ante
1002 1055 1149 1127 dicebam,
1161 1061 1191 1113 13

173 1136 262 1210 queri
283 1151 449 1209 possumus
470 1135 509 1193 de
526 1142 650 1193 auctore
665 1136 762 1195 nostri
778 1138 852 1208 deo,
876 1138 903 1196 si
917 1138 1066 1196 beneficia
1083 1138 1148 1197 eius

173 1218 366 1291 corrupimus
387 1225 417 1276 et
435 1225 468 1277 ut
489 1226 595 1276 essent
616 1219 767 1277 contraria
788 1220 952 1278 effecimus.
994 1220 1083 1280 Dedit
1099 1221 1149 1279 ille

172 1306 284 1361 ventos
299 1300 339 1358 ad
354 1301 586 1360 custodiendam
597 1302 673 1359 coeli
686 1308 895 1376 terrarumque
907 1304 1091 1382 temperiem,
1110 1304 1149 1361 ad

171 1384 350 1444 evocandas
367 1383 664 1457 supprimendasque
680 1399 793 1457 aquas,
816 1386 855 1443 ad
871 1386 999 1443 alendos
1015 1392 1149 1443 satorum

172 1474 268 1541 atque
288 1466 430 1525 arborum
451 1467 581 1537 sructuS,
611 1481 690 1539 quos
712 1466 751 1523 ad
773 1467 971 1527 maturitatem
993 1482 1061 1526 cum
1082 1468 1147 1525 aliis

173 1550 278 1610 causis
293 1549 417 1609 adducit
431 1551 500 1622 ipsa
514 1549 633 1608 iactatio
648 1549 812 1609 adtrahens
828 1551 926 1610 cibum
944 1551 974 1609 in
990 1566 1108 1609 summa
1119 1559 1149 1609 ct

172 1647 211 1692 ne
233 1640 374 1706 torpeant
394 1648 588 1706 permovens.
622 1631 707 1691 dedit
725 1642 835 1694 ventos
861 1633 901 1692 ad
925 1635 1068 1693 ulteriora
1095 1650 1148 1692 no·
1157 1641 1189 1691 14

172 1717 304 1775 suenda:
328 1716 436 1775 luisset
451 1716 529 1773 enim
544 1714 703 1789 inperitum
719 1717 830 1776 animal
845 1724 875 1776 et
889 1717 956 1776 sine
970 1732 1080 1790 magna
1096 1732 1148 1775 en-

174 1798 324 1873 parientia
342 1813 443 1857 rerum
464 1798 570 1872 home,
595 1798 620 1857 si
642 1798 940 1859 circumscriberetur
961 1802 1069 1859 natalis
1091 1801 1149 1859 soli

172 1882 243 1941 fine.
268 1881 351 1940 dedit
366 1888 487 1955 ventos,
507 1889 540 1941 ut
554 1881 714 1940 commoda
731 1882 881 1956 cuiusque
895 1884 1029 1956 regionis
1042 1883 1150 1941 fierent

173 1964 361 2038 communia,
381 1980 441 2024 non
463 1972 495 2023 ut
511 1963 648 2037 legiones
664 1966 859 2038 equitemque
873 1974 1029 2038 gestarent
1044 1980 1101 2023 nec
1116 1974 1149 2024 ut

173 2047 349 2122 perniciosa
363 2048 494 2121 gentium
510 2062 594 2106 arma
608 2047 848 2107 transveherent.
885 2047 918 2107 Si
932 2048 1081 2107 beneficia
1096 2064 1147 2107 na·
1157 2051 1188 2102 15

172 2138 260 2190 turae
281 2132 424 2190 utentium
447 2131 594 2204 pravitate
615 2132 847 2205 perpendimuS,
871 2132 943 2189 nihil
965 2148 1024 2190 non
1041 2138 1146 2189 nostro

173 2215 254 2273 malo
272 2214 464 2288 accepimus:
488 2214 536 2274 cui
552 2214 656 2272 videre
671 2214 818 2287 expediit
838 2214 886 2273 cui
898 2214 1002 2287 ioquin
1024 2213 1072 2273 cui
1085 2230 1147 2272 non

172 2296 236 2356 vita
252 2303 433 2356 tormentum
449 2302 517 2356 estt
537 2296 609 2355 nihil
624 2295 762 2356 invenies
777 2306 837 2357 tam
852 2298 1030 2358 manifestae
1042 2297 1148 2357 utilita-

169 2380 226 2451 tis,
251 2379 334 2453 qnod
353 2396 413 2439 non
435 2379 466 2438 in
486 2378 669 2438 contrarium
690 2387 826 2440 transeat
846 2382 952 2455 culpa:
979 2381 1024 2440 sic
1040 2388 1147 2440 ventos

173 2477 301 2537 quoque
315 2470 422 2523 natura
437 2463 536 2522 bonos
551 2464 668 2522 iuturus
683 2463 853 2522 inveneram
876 2465 935 2538 ipsi
950 2464 1019 2524 illos
1030 2471 1148 2525 contra-

170 2544 238 2605 rios
254 2545 391 2606 lecimus.
416 2562 521 2605 omnes
539 2548 569 2603 in
585 2546 710 2619 aliquod
725 2563 783 2606 nos
798 2549 908 2605 malum
925 2547 1047 2606 ducunt.
1083 2547 1148 2606 Non
1159 2552 1190 2605 16

172 2629 284 2687 eadem
298 2635 346 2688 est
359 2628 407 2688 his
423 2636 452 2688 et
466 2627 525 2688 illis
543 2644 637 2688 causa
652 2629 806 2699 solvendi,
830 2630 886 2687 sed
902 2629 983 2687 iusta
998 2628 1080 2686 nulli.
1103 2628 1147 2686 di-

173 2710 274 2770 versis
286 2712 364 2771 enim
381 2711 577 2771 inritamentis
593 2712 632 2770 ad
649 2713 853 2786 temptandum
870 2728 952 2770 mare
966 2711 1147 2785 inpellimur.

172 2794 289 2869 utique
301 2794 389 2854 alicui
410 2795 481 2855 vitio
507 2795 675 2868 navigatur.
716 2796 845 2868 Egregie
871 2795 956 2853 Plato
982 2794 1067 2867 dicit,
1096 2794 1148 2868 qui

171 2876 265 2938 nobis
283 2876 364 2937 eirca
381 2879 492 2938 exitum
514 2879 574 2937 iam
590 2878 707 2937 testium
723 2879 792 2939 loco
808 2877 929 2937 dandus
945 2885 1006 2950 est,
1028 2880 1149 2937 minimo

170 2978 252 3032 esse,
275 2977 351 3034 quae
370 2963 498 3023 homiues
520 2968 619 3021 emunt
637 2964 703 3021 ullu.
739 2964 849 3034 lmmo,
872 2962 967 3023 Lucili
981 2962 1146 3034 carissime,

173 3045 200 3103 si
218 3044 298 3103 bene
312 3043 429 3104 illorum
445 3046 577 3105 iurarem
593 3046 817 3116 aestimaveris,
841 3045 871 3103 id
885 3052 933 3105 est
943 3051 1095 3114 nostrum,
1116 3044 1147 3103 in

172 3126 283 3187 eadem
305 3128 383 3186 enim
406 3130 494 3189 turba
515 3130 694 3198 volutamur,
717 3126 814 3199 magis
830 3128 959 3199 ridebis,
983 3142 1049 3185 cum
1066 3128 1147 3199 cogi-

170 3210 287 3273 taveris
301 3210 382 3271 vitae
396 3213 510 3289 parari,
534 3212 564 3270 in
580 3226 659 3286 quae
676 3211 737 3269 vita
754 3209 949 3268 consumitur.
