2942 4384
392 368 444 429 ol:
464 369 677 437 BENEFlCllS
701 369 822 434 LlB.Il.
843 380 978 436 32—35.
1130 373 1172 437 35

147 591 149 598 Ι
198 520 330 581 dicimus
350 526 382 579 ct
400 519 469 580 lecti
492 526 523 580 et
538 520 596 578 veli
611 527 640 579 et
655 519 813 591 carminis,
833 536 940 580 canem
957 529 987 599 et
1002 523 1172 583 venaticum

147 603 150 676 i
198 612 227 664 et
240 604 392 663 marinum
406 610 436 662 el
447 603 543 663 sidus.
568 603 639 677 quia
651 620 711 663 non
724 602 910 674 sulficimuS,
926 613 959 665 ul
971 605 1098 679 singulis
1110 609 1172 665 sin·

198 689 268 761 gula
289 687 502 760 adsignemus,
524 686 663 759 quotiens
682 703 760 761 opus
778 693 839 757 est,
860 695 1039 747 mutuamur.
1077 689 1201 751 Furti-3

198 772 271 831 tudo
288 778 337 830 est
349 770 445 829 virtus
461 770 595 843 pericula
610 770 690 829 iusta
705 779 902 830 contemnens
918 779 970 831 aut
981 772 1106 831 scientia
1119 790 1170 847 pe-

196 854 363 914 riculorum
385 853 644 926 repellendorum,
667 854 934 927 excipiendarum,
956 858 1170 929 provocando-

196 951 282 997 rumz*
293 938 422 996 dicimus
435 942 532 995 tamen
542 944 572 997 et
581 938 779 1010 gladiatorem
794 938 899 997 sortem
907 940 1003 997 virum
1012 947 1171 999 etsorvum

196 1037 346 1096 nequam,
371 1036 460 1094 quem
482 1018 512 1077 in
536 1027 741 1095 contemptum
763 1020 868 1079 mortis
882 1023 1035 1082 temeritas
1054 1024 1169 1097 inpulit.

195 1104 387 1164 Parsimonia
402 1109 449 1162 est
464 1103 589 1162 scientia
606 1105 718 1163 vitandi
734 1112 874 1178 sumptus
891 1122 1104 1179 supervacuos
1120 1114 1199 1167 auti

195 1204 246 1248 ars
261 1203 297 1247 re
313 1186 451 1246 familiari
465 1187 621 1247 moderate
635 1188 755 1247 utendi:
779 1190 989 1261 parcissimum
1004 1197 1103 1248 tarncn
1116 1192 1169 1250 bo-

195 1273 308 1332 minem
323 1287 470 1331 vooamus
488 1272 589 1345 pusilli
605 1272 694 1329 animi
710 1277 740 1330 et
755 1273 916 1344 contracti,
938 1288 1005 1330 cum
1022 1273 1170 1333 inlinitum

195 1355 316 1416 intersit
330 1353 408 1413 iuter‘
423 1356 546 1414 modum
561 1360 590 1412 et
607 1355 774 1429 angustias.
803 1355 880 1413 baec
895 1355 953 1413 alia
969 1362 1039 1414 sunt
1054 1364 1169 1429 natura,

195 1441 254 1500 sed
276 1438 369 1499 elficit
388 1437 493 1513 iuopia
513 1439 678 1512 sermonis,
700 1445 733 1497 ut
750 1445 779 1497 et
801 1438 881 1497 hunc
899 1447 929 1498 et
943 1439 1024 1497 illum
1044 1456 1169 1513 parcum

195 1539 361 1596 vocemus,
383 1529 415 1581 ut
429 1531 458 1581 et
471 1522 522 1581 ille
538 1523 622 1581 lortis
635 1522 753 1581 dicatur
767 1538 834 1580 cum
850 1521 967 1581 ratione
984 1524 1106 1582 fortuita
1117 1525 1168 1581 de-

196 1607 335 1681 spiciens
357 1614 387 1666 et
408 1605 458 1665 hio
479 1606 545 1665 sine
564 1606 683 1665 ratione
704 1607 732 1663 in
751 1606 888 1680 pericula
903 1622 1080 1665 excurrens.
1118 1606 1197 1667 Sica

195 1690 381 1749 beneficium
403 1697 450 1749 est
471 1697 500 1748 et
520 1690 614 1760 actio,
642 1696 675 1748 ut
690 1690 837 1762 diximuS,
865 1689 1003 1749 benefica
1018 1698 1047 1749 et
1069 1692 1169 1764 ipsum

196 1774 283 1849 quod
303 1774 392 1833 datur
413 1790 469 1847 per
489 1774 637 1835 illamt
588 1780 637 1831 aot
638 1772 755 1845 ionem,
781 1781 812 1832 ut
832 1774 975 1868 pecunia,
998 1782 1031 1833 ut
1048 1776 1168 1843 doinus

194 1864 229 1916 ut
250 1862 422 1931 praetexta
451 1873 544 1915 uuum
564 1856 685 1931 utrique
707 1872 816 1915 nornen
838 1864 899 1930 esi,
929 1858 975 1916 vis
992 1858 1114 1931 quidem
1134 1875 1170 1917 ac

193 1947 335 2015 potestas
351 1938 440 2013 longe
455 1941 522 1998 alia.

258 2022 379 2083 XXXV.
401 2024 506 2097 ltaque
521 2024 688 2097 adtende,
681 2040 739 2082 ram
752 2023 908 2097 intelleges
922 2024 993 2081 nihil
1006 2040 1069 2096 me,
1086 2026 1167 2097 qtrod
1182 2029 1196 2079 1

195 2106 302 2182 opinio
327 2115 378 2167 tua
401 2108 545 2181 refugiat,
580 2106 697 2166 dicere:
730 2107 791 2167 illi
818 2107 1032 2179 beneficio,
1068 2108 1170 2181 <priori

196 2192 301 2250 actio
329 2191 503 2265 perlicit,
529 2192 656 2249 relata
682 2192 807 2264 gratia
828 2199 902 2263 cst,
930 2191 962 2250 si
984 2186 1081 2249 illud
1103 2190 1168 2248 be-

194 2275 340 2333 nevole
371 2274 621 2349 excipimus
643 2275 742 2333 illud
775 2276 957 2347 alterum,
996 2276 1097 2348 quod
1128 2290 1169 2331 re

194 2357 438 2432 continetur,
467 2359 632 2417 nondum
660 2358 902 2418 reddidimus
932 2364 968 2416 et
989 2360 1167 2417 volumus

192 2458 234 2501 re
244 2443 291 2501 dd
301 2458 372 2501 ere.
409 2442 562 2502 Voluntati
578 2443 729 2501 voluntate
743 2441 961 2513 satisfecimus
983 2443 1028 2499 rei
1040 2458 1101 2499 rem
1115 2443 1168 2500 de-

192 2527 314 2586 bemus.
346 2527 452 2599 ltaque
468 2525 606 2600 quamvis
621 2525 763 2584 retulisse
779 2527 860 2584 illum
877 2524 1002 2598 gratiam
1019 2526 1166 2594 dicamus

194 2609 249 2683 qui
271 2610 452 2669 beneficium
474 2609 602 2668 libenter
623 2609 748 2681 accipit,
777 2608 914 2666 iubemus
936 2615 1035 2664 tamen
1051 2607 1167 2680 aliquid

194 2693 238 2765 ei,
269 2695 353 2767 quod
375 2694 509 2768 accepit,
538 2693 676 2751 reddere.
717 2698 746 2750 A
771 2690 991 2750 consuetudine
1014 2690 1195 2763 quaedamx

194 2792 275 2850 quae
286 2775 414 2836 dicimus
426 2776 598 2848 abhorrent,
612 2774 721 2833 deinde
734 2774 793 2833 alia
806 2775 854 2833 via
866 2775 902 2833 ad
918 2773 1166 2833 consuetudinem

191 2860 340 2921 redonata
368 2876 514 2935 negamus
535 2858 674 2920 iniuriam
696 2859 836 2932 accipere
857 2859 1041 2933 sapientem,
1066 2864 1167 2917 tamen

194 2944 246 3018 qui
261 2944 346 3002 illum
362 2960 467 3039 pugno
480 2942 681 3018 percusserit,
698 2941 874 3001 iniuriarum
886 2942 1086 3000 damnabitur.
1114 2957 1166 2999 ne·

192 3042 302 3099 gamus
320 3028 401 3087 stulti
417 3028 580 3102 quicquam
596 3041 682 3097 esse,
705 3033 736 3085 ei
750 3033 851 3085 tamen
866 3041 950 3097 eum,
971 3025 1021 3097 qui
1037 3040 1101 3082 rem
1112 3025 1166 3083 ali-

194 3126 287 3182 quam
309 3112 400 3184 stulto
423 3111 587 3197 subripuit,
616 3110 685 3168 lurti
712 3107 993 3185 condemnabimus.
1033 3108 1167 3165 insanire

194 3209 303 3253 omnes
319 3178 462 3267 dicimus,
485 3210 541 3252 nco
556 3201 656 3253 tamen
673 3208 778 3252 omnes
794 3207 936 3250 curamus
950 3189 1095 3247 elleboro.
1117 3188 1166 3247 bis

193 3278 287 3351 ipsis,
303 3294 382 3351 quos
396 3294 541 3337 vocamus
554 3278 696 3348 insanos,
712 3283 742 3334 et
753 3268 929 3347 suffragium
943 3279 973 3331 et
984 3271 1164 3331 iurisdictio-

194 3377 261 3420 nem
279 3362 502 3421 committimus
539 3360 570 3420 Si
583 3361 710 3419 dicimus
723 3374 807 3430 eum,
824 3376 874 3431 qur
868 3356 1067 3415 beneficium
1083 3356 1195 3419 bonos

194 3446 294 3504 auimo
316 3445 440 3519 accipit,
469 3445 595 3518 gratiam
619 3442 777 3514 retulisse,
807 3441 1000 3500 nihilominus
1026 3440 1107 3498 illum
1134 3439 1165 3497 in

194 3542 263 3587 aere
289 3528 389 3589 alieno
415 3528 612 3602 relinquimus
633 3525 758 3600 gratiam
780 3527 957 3593 relaturum,
986 3524 1074 3582 etiam
1097 3538 1165 3581 cum

193 3612 307 3674 retulit:
331 3611 501 3673 exhortatio
515 3613 636 3685 estilla,
652 3626 712 3669 non
725 3608 862 3669 infitiatio
875 3606 1024 3724 beneficii.
1050 3606 1164 3666 Timea-
