2942 4384
263 468 283 529 o
549 466 582 525 u.
605 459 751 524 Annam
773 464 947 541 sansacu

234 617 379 693 paliquid
400 618 533 689 videtur,
554 618 673 691 pungit,
697 632 758 675 uon
780 616 922 690 perforat.
963 612 1023 677 Hic
1048 633 1123 677 vero
1149 618 1229 694 quod

266 718 391 761 acumen
408 707 475 759 est?
511 702 555 759 de
576 700 789 760 beneficiis
810 701 1016 759 dicendum
1035 708 1095 760 est
1115 710 1152 761 et
1180 718 1229 761 or·

266 786 435 844 dinanda
454 799 533 854 res,
556 799 650 855 quae
671 783 830 840 maxime
850 783 1046 842 humanam
1066 785 1229 843 societa-

266 876 336 928 tenr
362 866 522 939 adligat.
551 865 650 923 danda
664 866 712 921 lex
729 866 823 936 vitae,
850 881 888 923 ne
904 867 961 925 sub
977 867 1081 939 specie
1095 867 1229 940 benigni·

266 953 334 1009 tatis
350 950 522 1008 inconsulta
539 947 666 1005 facilitas
682 949 801 1021 placeat
816 962 872 1005 nec
892 950 1115 1020 liberalitatem,
1142 966 1229 1023 quarn

229 1085 231 1089 .
267 1050 323 1092 nec
339 1034 450 1090 deesse
466 1038 585 1104 oportet
600 1046 656 1087 nec
675 1029 880 1104 superfluere,
903 1031 979 1089 haec
1003 1033 1071 1105 ipsa
1086 1033 1228 1092 observa-

235 1130 251 1179 3
267 1117 306 1175 tio
323 1116 497 1187 restringat,
521 1113 591 1170 dum
607 1118 762 1185 temperat.
792 1113 923 1171 docendi
944 1124 1014 1174 sunt
1035 1115 1165 1173 libenter
1184 1130 1228 1173 ac-

267 1198 384 1271 cipere,
413 1197 541 1255 libenter
554 1196 684 1254 reddere
699 1202 729 1253 cl
742 1211 883 1269 magnum
900 1195 976 1269 ipsis
993 1204 1145 1255 certamen
1163 1214 1230 1272 pro-

267 1295 397 1355 ponere,
420 1295 474 1338 eos
497 1279 607 1351 quibus
630 1278 752 1351 obligati
775 1285 846 1338 sunt
865 1295 898 1337 re
913 1280 1076 1353 animoque
1091 1296 1154 1338 non
1170 1289 1229 1340 tan·

265 1375 327 1424 tum
343 1378 490 1436 aequare,
514 1362 568 1419 sed
582 1362 720 1420 vincere:
748 1362 819 1435 quia
835 1362 886 1435 qui
904 1364 1017 1421 relerre
1032 1363 1159 1436 gratiam
1181 1364 1229 1421 de

266 1450 330 1517 bet,
353 1462 517 1519 numquam
533 1446 745 1518 consequitur,
765 1445 824 1502 nisi
851 1446 1027 1517 praecessit.
1054 1445 1084 1503 hi
1101 1445 1230 1505 docendi

235 1538 336 1593 dsunt
351 1527 424 1587 nilril
439 1530 592 1601 inputare,
613 1527 655 1586 illi
679 1530 747 1601 plus
771 1528 893 1589 debere.
924 1529 972 1588 hd
987 1529 1065 1586 hanc
1080 1528 1229 1587 honestis·

240 1684 241 1689 η
267 1615 373 1672 simam
389 1610 612 1669 contentionem
627 1609 784 1669 beneficiis
799 1610 947 1669 beneficia
963 1612 1102 1669 vincendi
1118 1613 1164 1670 sic
1177 1626 1230 1670 nos

268 1696 445 1753 adhortatur
460 1692 667 1768 Chrysippus,
689 1702 722 1752 ut
737 1694 817 1752 dicat
830 1695 992 1752 verendum
1005 1709 1075 1753 esse
1095 1711 1144 1765 ne,
1163 1695 1231 1767 quia

268 1778 404 1836 Charites
419 1776 500 1834 louis
516 1776 595 1834 filiae
610 1784 694 1848 sunl,
719 1792 825 1849 parurn
841 1792 874 1834 se
888 1786 973 1849 grate
987 1791 1093 1850 gerere
1109 1778 1219 1835 sacrile

236 1861 349 1934 agium
371 1860 410 1917 sit
431 1865 460 1918 et
475 1865 533 1916 tarn
554 1859 641 1917 bellis
659 1860 767 1931 puellis
782 1859 835 1918 fiat
854 1859 971 1917 iniuria.
999 1862 1042 1917 Tu
1055 1876 1102 1918 me
1117 1858 1232 1933 aliquid

268 1958 371 2002 eorum
388 1942 480 2012 doce,
497 1956 551 2015 per
566 1957 644 2016 quae
656 1942 875 2001 beneficentior
891 1942 1065 2016 gratiorque
1080 1945 1232 2001 adversus

267 2027 345 2086 bene
361 2032 510 2083 merentes
526 2024 612 2100 iiam,
632 2040 687 2098 per
708 2042 786 2099 quae
806 2024 1001 2098 obligantium
1018 2026 1231 2098 obligatorum-

267 2125 327 2182 que
343 2109 432 2167 animi
448 2115 575 2180 certent,
591 2115 623 2166 ut
636 2108 686 2179 qui
700 2107 913 2181 praestiterunt
925 2108 1150 2179 obliviscantur,
1168 2124 1232 2181 pcr-

267 2192 350 2249 tinax
366 2192 403 2249 sit
420 2190 565 2249 memoria
580 2190 762 2247 debentium.
791 2190 866 2248 istae
886 2204 959 2247 vero
983 2191 1115 2264 ineptiae
1133 2192 1233 2265 poetis

266 2274 490 2346 relinquantur,
512 2270 622 2345 quibus
641 2286 730 2330 aures
748 2272 900 2330 oblectare
921 2273 1112 2347 propositum
1134 2282 1182 2333 est
1206 2281 1234 2333 et

236 2367 252 2418 6
268 2357 388 2413 dulcem
403 2354 533 2413 labulam
555 2362 685 2412 nectere.
715 2356 811 2427 atqui
833 2354 951 2428 ingenia
967 2373 1076 2415 sanare
1092 2365 1121 2415 et
1141 2357 1234 2416 iidem

268 2440 297 2496 in
311 2437 403 2497 rebus
419 2436 558 2496 humanis
569 2437 708 2509 retinere,
724 2438 899 2497 memoriam
911 2431 1080 2499 olliciorum
1095 2441 1234 2513 ingerere

268 2522 375 2580 animis
395 2522 514 2592 volunt,
538 2520 618 2579 serio
635 2523 797 2594 loquantur
813 2528 842 2579 et
857 2522 974 2593 magnis
990 2523 1107 2582 viribus
1129 2530 1233 2595 agant:

268 2603 327 2663 nisi
343 2605 419 2664 loric
434 2604 590 2663 existimas
606 2605 664 2662 levi
685 2619 720 2663 ac
736 2605 876 2664 sabuloso
893 2622 1034 2665 sermone
1055 2614 1085 2664 et
1103 2605 1234 2664 anilibus

268 2688 452 2761 argumentis
474 2687 626 2761 prohiberi
651 2703 746 2762 posse
766 2705 829 2747 rem
850 2689 1157 2764 perniciosissimam,
1181 2688 1233 2747 be

267 2772 444 2831 nesrciorum
462 2788 559 2829 novas
575 2770 702 2833 tabulas.
1014 2772 1022 2788 ⁸

237 2874 250 2923 l
328 2847 374 2909 V,
389 2852 448 2909 Sed
463 2852 716 2923 quemadmodum
736 2868 927 2925 supervacua
947 2859 1166 2925 transcurram,
1195 2856 1234 2914 ita

267 2950 454 3007 exponam
474 2949 640 2993 necesse
667 2943 728 2993 est
748 2934 819 2993 hoc
841 2936 994 3009 primum
1016 2939 1234 2997 nobisesse

267 3017 1232 3091 discendum,quidacceptobeneliciodebeamus:

267 3100 338 3158 dicit
353 3101 431 3158 enim
447 3100 559 3158 debere
573 3116 607 3158 se
627 3101 703 3159 alius
719 3102 877 3173 pecuniam
891 3120 981 3176 quarn
999 3104 1133 3176 accepit,
1154 3105 1232 3162 alius

267 3185 466 3253 consulatum,
480 3184 556 3242 alius
569 3184 782 3256 sacerdotium,
797 3186 873 3243 alius
887 3187 1084 3259 provinciam.
1109 3188 1167 3245 ista
1180 3204 1232 3245 au-

235 3280 251 3331 i
266 3274 325 3325 tern
337 3275 406 3327 sunt
416 3267 589 3327 meritorum
603 3268 704 3341 signa,
723 3284 782 3326 non
795 3268 913 3347 merita
924 3269 990 3328 Non
1004 3276 1105 3342 potest
1116 3268 1230 3328 benefi-

267 3350 345 3409 cium
360 3366 449 3409 manu
463 3351 545 3423 tangi
559 3352 613 3410 scd
634 3350 733 3409 animo
745 3351 867 3424 geritur.
893 3353 1048 3410 multum
1066 3352 1232 3411 interest

266 3432 575 3493 inlormateriam
595 3434 1097 3493 beneliciietbenelicium.
1128 3436 1232 3507 itaque

266 3532 323 3573 nec
335 3533 439 3576 aurum
453 3531 508 3574 nec
520 3524 676 3587 argentum
691 3532 748 3575 nec
764 3516 927 3589 quicquam
942 3532 1062 3588 corum,
1080 3533 1159 3590 quae
1175 3533 1230 3592 pro

265 3599 403 3658 maximis
417 3599 620 3672 accipiuntur,
642 3599 875 3657 beneficium
891 3607 963 3672 est,
986 3601 1041 3659 sed
1063 3600 1149 3674 ipsa
1169 3602 1229 3660 tri-

266 3680 420 3741 buentis
444 3684 632 3743 voluntas
662 3681 782 3755 inperiti
803 3688 902 3741 autem
917 3682 948 3741 id
965 3684 1049 3758 quod
1064 3684 1161 3744 oculis
1180 3700 1230 3743 oc-
