2942 4384
625 594 660 704 u.
684 591 824 675 raum
850 589 1021 674 samem
1067 585 1070 590 ·

553 746 604 797 AD
631 742 1094 829 AEBUTIUM'lLIBERALEM

339 865 547 963 illd
612 859 1286 958 Budallells-

709 1030 843 1094 iluna
869 1030 932 1094 Vll

309 1254 325 1306 ι
398 1237 421 1295 Ι.
442 1236 576 1307 Bonum,
598 1232 638 1291 mi
651 1232 814 1301 Liberalis,
836 1230 951 1291 habeas
968 1230 1100 1290 animum
1115 1235 1205 1293 volox

420 1323 452 1379 in
465 1320 598 1378 monibus
613 1324 721 1377 terroe.
750 1331 808 1375 non
822 1315 872 1375 bic
884 1321 912 1374 te
924 1318 1057 1376 carmine
1069 1318 1159 1389 lmepo

334 1387 344 1402 ”
421 1409 509 1476 alque
520 1418 577 1477 per
589 1401 728 1472 ambages
742 1407 771 1458 et
782 1402 872 1471 longo
884 1413 995 1458 exorso
1009 1399 1118 1458 tenebo.

335 1483 466 1558 Reliqua
480 1484 529 1542 hic
544 1483 621 1541 liber
636 1482 761 1554 cogitet
780 1480 928 1540 exhaustu
950 1480 1074 1540 materia
1091 1478 1301 1555 circumspicio

335 1584 397 1627 non
414 1566 487 1640 quid
502 1566 615 1636 dicam,
633 1564 687 1622 sed
704 1563 776 1638 quid
790 1579 849 1623 non
863 1564 1000 1621 dixerim.
1034 1563 1106 1621 boni
1122 1570 1224 1624 tamen
1236 1580 1301 1624 con·

307 1652 419 1714 asules
436 1647 579 1721 quicquid
594 1648 635 1706 ibi
648 1654 804 1719 superest,
824 1662 892 1705 cum
908 1645 960 1706 libi
975 1646 1171 1719 superl'uerit.
1208 1645 1242 1706 Si
1257 1662 1302 1704 xo

336 1734 461 1792 luisscm
483 1729 647 1788 lenocinari
668 1729 755 1801 mibi,
777 1728 881 1788 debuit
903 1730 1045 1802 paulatim
1065 1745 1146 1803 opus
1167 1742 1302 1790 crescere
1337 1753 1338 1758 ¹

335 1822 366 1874 el
386 1830 423 1873 ea
443 1829 513 1887 pars
528 1814 558 1871 in
573 1812 664 1871 finem
679 1810 844 1884 reservari,
866 1829 956 1886 quam
972 1811 1099 1887 quilibet
1110 1812 1204 1872 etiam
1219 1813 1301 1874 satia·
1337 1813 1338 1864 ἒ

335 1905 384 1957 lus
400 1897 567 1970 adpeteret.
590 1896 646 1954 sed
662 1894 807 1969 quicquid
823 1896 953 1954 maxime
967 1896 1175 1956 necessarium
1188 1902 1262 1965 erut,
1276 1895 1301 1953 in
1337 1901 1338 1914 ¹

336 1982 463 2055 primum
480 1978 637 2051 congessi:
660 1994 755 2049 nunc,
778 1977 804 2038 si
820 1976 893 2052 quid
909 1977 1029 2053 effugit,
1052 1979 1212 2051 recolligo.
1246 1978 1303 2038 Nec

335 2062 522 2132 mehercule,
546 2062 635 2120 sime
650 2061 833 2134 interroges,
852 2061 939 2120 nimis
954 2062 993 2121 ud
1007 2078 1072 2121 rem
1082 2061 1228 2131 existimo
1240 2076 1303 2136 per·

334 2146 446 2217 linere,
469 2144 521 2203 ubi
536 2144 715 2216 dictasunt,
739 2160 818 2217 qliae
828 2151 940 2217 ¹regunt
953 2160 1070 2217 mores,
1094 2145 1245 2220 prosequi
1259 2159 1302 2204 ce

335 2235 400 2286 tera
422 2243 481 2285 non
504 2226 533 2283 in
553 2226 718 2285 remedium
739 2225 844 2299 animi,
872 2227 977 2285 sedin
998 2227 1245 2288 exercitationem
1262 2228 1303 2287 in·

306 2309 414 2383 agecii
435 2310 565 2367 inventa.
600 2309 728 2383 Egregie
747 2310 825 2368 enim
840 2309 899 2369 hoc
914 2310 1016 2370 dicere
1030 2311 1202 2371 Demetrius
1218 2311 1303 2388 Cyni·

335 2407 405 2462 cus,
426 2392 471 2449 vir
492 2407 560 2451 meo
581 2391 691 2451 iudicio
706 2408 849 2466 magnae,
871 2392 989 2452 etiamsi
1003 2393 1143 2453 maximis
1157 2408 1303 2468 conpare

334 2482 397 2545 tur,
421 2476 512 2533 solet:
540 2476 612 2535 Plus
621 2477 780 2549 prodesse,
801 2480 829 2535 si
842 2492 944 2551 pauco
958 2484 1124 2551 praecepto
1141 2481 1304 2553 supientiae

333 2563 448 2630 taneos,
473 2559 528 2617 sed
550 2561 603 2618 illa
627 2561 657 2617 io
679 2566 819 2633 promptu
841 2561 894 2619 tibi
908 2568 938 2619 cl
954 2563 985 2619 io
1004 2576 1061 2619 uso
1078 2562 1150 2629 sint,
1171 2561 1306 2635 quamsi

333 2644 425 2700 molto
446 2641 562 2714 quidem
583 2642 738 2714 didiceric,
762 2644 817 2702 sed
835 2644 888 2702 illa
907 2660 966 2702 non
985 2643 1096 2703 babeas
1113 2644 1159 2703 cd
1175 2660 1303 2704 mom.

304 2724 600 2794 loocmodmodnm
629 2724 740 2797 inquil,
763 2741 889 2797 magnos
906 2729 1032 2785 luctator
1043 2734 1088 2785 est
1098 2742 1158 2785 non
1172 2730 1228 2800 qui
1238 2743 1303 2786 om·

332 2821 384 2863 nes
398 2821 533 2863 numeros
547 2823 698 2879 nexosque
709 2810 884 2880 perdidicit,
902 2826 1026 2883 queem
1040 2826 1110 2868 usus
1123 2809 1178 2879 sub
1193 2811 1303 2870 adoer-

332 2889 411 2944 sorio
431 2903 522 2945 roras
540 2895 597 2959 esi,
617 2890 672 2947 sed
689 2893 742 2963 qui
760 2894 791 2948 in
810 2908 869 2950 ono
887 2909 919 2951 sc
932 2898 986 2952 out
997 2896 1091 2951 eluro
1104 2893 1177 2952 benc
1189 2900 1219 2953 et
1231 2894 1303 2953 dili-

295 3013 298 3017 .
329 2974 434 3040 genter
453 2973 589 3029 exercuit
599 2977 628 3029 et
640 2987 741 3031 eorum
755 2977 922 3035 occasiones
935 2978 1059 3033 inantus
1071 2982 1229 3050 exspatal
1237 2984 1304 3048 (nec

331 3054 408 3110 enim
429 3051 526 3123 refert
542 3069 630 3126 quom
650 3058 742 3113 molto
762 3059 850 3127 sciet,
874 3060 903 3115 si
923 3060 979 3117 scit
998 3064 1140 3131 quantum
1164 3061 1303 3120 vicmce

331 3138 402 3194 satis
415 3141 487 3202 eall:
507 3138 550 3195 sic
563 3138 594 3195 in
607 3138 662 3197 boc
674 3140 771 3197 studio
785 3142 876 3198 multo
889 3141 1047 3209 delectant,
1060 3158 1163 3215 pauco
1174 3144 1301 3203 mount.

303 3217 416 3282 5Licel
436 3219 573 3291 nescias,
601 3236 680 3294 quae
699 3221 775 3281 ratio
796 3238 943 3281 oceanum
963 3223 1100 3291 effundat
1115 3239 1153 3283 ec
1168 3231 1300 3285 revocet

332 3315 427 3373 quare
452 3303 600 3373 septimus
621 3304 753 3378 quisque
778 3320 877 3363 annus
900 3306 991 3365 aetati
1010 3308 1130 3379 signum
1151 3306 1301 3382 inprimet

213 3400 222 3412 ·
332 3397 426 3457 quare
441 3382 565 3443 latitudo
582 3386 716 3457 porticus
729 3402 767 3444 ex
779 3395 894 3448 remoto
906 3390 1115 3462 spectantibus
1128 3394 1189 3449 non
1203 3397 1302 3450 servet

330 3465 557 3539 proporlionem
574 3482 675 3539 suam,
692 3469 748 3527 sed
763 3470 866 3529 ultima
876 3470 905 3529 in
919 3472 1076 3544 angustius
1088 3482 1199 3534 coeant
1210 3480 1240 3532 et
1250 3488 1300 3532 co-

241 3555 248 3561 ·
330 3549 498 3607 lamnarum
523 3548 688 3609 novissime
706 3552 863 3611 intervalla
877 3553 1046 3628 iungentur.
1076 3555 1148 3629 quid
1164 3557 1205 3616 sit
1219 3555 1301 3630 quod

330 3630 518 3701 geminorum
541 3638 721 3705 conceptum
746 3642 888 3708 separet,
918 3645 1036 3710 partum
1057 3638 1171 3712 iungat
1203 3648 1300 3700 utrum

329 3726 410 3771 unus
430 3714 609 3778 concubitus
630 3726 791 3791 spargatur
810 3718 841 3777 in
862 3720 956 3794 duos,
979 3736 1019 3780 en
1035 3721 1146 3782 totiens
1160 3721 1299 3796 concepti
