2942 4384
366 474 506 537 NATUR.
522 474 683 549 QUAEST.
705 476 811 536 LlB.l.
833 476 994 538 PROLOG.
1105 476 1167 541 159

192 644 355 690 arenarum
371 628 483 688 inculta
494 626 622 688 vastitas
637 625 743 687 iaceat.
779 628 811 688 Si
827 628 895 703 quis
908 628 1042 690 formicis
1057 631 1108 691 det
1121 629 1165 691 in·
1174 650 1209 703 10

192 714 348 774 tellectum
368 710 514 785 hominis,
538 726 638 771 nonne
654 719 683 771 et
702 712 771 770 illue
788 727 877 770 unam
893 730 994 772 arcam
1011 714 1039 772 in
1056 717 1166 775 multas

193 796 371 870 provincius
383 795 539 855 dividente
561 796 632 854 Cum
648 802 677 854 te
690 795 718 853 in
731 796 781 853 illa
794 811 865 854 vere
878 813 986 870 magna
997 799 1165 872 sustuleris,

194 880 337 953 quotiens
355 877 473 937 ridebis
488 880 639 938 exercitus
655 879 805 938 subrectis
821 878 864 938 irc
880 879 998 939 vexillis
1014 888 1057 954 et,
1078 882 1166 956 quasi

193 978 338 1036 magnum
358 961 473 1036 aliquid
495 969 615 1035 agatur,
636 961 767 1035 equitem
787 963 879 1022 modo
900 964 1041 1024 ulteriora
1060 966 1167 1040 explo-

193 1053 325 1119 rantem,
348 1045 440 1104 modo
456 1060 473 1104 a
487 1045 631 1104 lateribus
647 1045 802 1118 adfusum,
823 1046 927 1106 libebit
944 1047 1061 1107 dicere:

324 1131 346 1188 it
359 1131 477 1203 nicrum
491 1130 605 1203 campis
620 1144 734 1201 cymen.

194 1210 390 1271 formicarum
414 1211 471 1270 iste
494 1212 653 1270 discursus
674 1219 722 1270 εει
747 1212 776 1271 in
801 1219 931 1285 angusto
956 1213 1165 1276 laborantium.

195 1295 269 1370 quid
285 1295 344 1353 illis
356 1302 385 1353 et
401 1293 487 1354 nobis
500 1294 624 1354 interest
635 1294 692 1353 nisi
704 1295 805 1370 exigui
817 1312 959 1355 mensura
972 1300 1167 1372 corpusculi?

193 1377 339 1438 Punctum
359 1385 406 1437 est
425 1377 520 1448 istud,
543 1376 574 1436 in
590 1375 650 1452 quo
671 1378 835 1452 navigatis,
857 1379 887 1436 in
903 1395 964 1454 quo
979 1379 1113 1453 bellatiS‚
1134 1380 1164 1439 in
1176 1398 1206 1451 11

196 1477 258 1535 quo
279 1475 375 1534 regna
396 1461 572 1535 disponitis,
596 1460 731 1534 minima,
754 1462 842 1521 etiarn
859 1463 1000 1521 cumillis
1016 1463 1166 1538 utrimque

195 1560 332 1604 oceanus
353 1544 498 1603 occurrit:
525 1560 644 1603 sursum
657 1545 797 1620 ‚ingentia
818 1546 917 1619 spatia
938 1554 1022 1620 sunt,
1044 1547 1073 1604 in
1090 1564 1165 1621 quu-

193 1644 260 1687 rum
284 1628 512 1701 possessionem
535 1628 652 1687 animus
675 1627 854 1700 admittitur,
881 1638 910 1689 et
930 1630 986 1703 ita,
1015 1629 1042 1689 sl
1061 1646 1166 1690 secum

194 1711 349 1771 minimum
371 1725 410 1769 ex
430 1726 559 1785 corpore
576 1712 657 1783 tulit,
679 1712 705 1770 si
721 1712 878 1771 sordidum
894 1728 983 1771 omne
999 1714 1123 1774 detersit
1137 1723 1167 1774 et

195 1793 359 1869 expeditus
381 1793 519 1869 levisque
540 1810 576 1853 ac
597 1803 756 1855 contentus
779 1796 899 1856 modico
921 1797 1051 1857 emicuit.
1094 1798 1208 1861 Cunila

194 1878 245 1936 illa
266 1877 375 1950 tetigit,
404 1878 505 1950 alitur,
535 1879 646 1937 crescit
665 1893 700 1935 ac
720 1879 803 1937 velut
822 1878 952 1938 vinculis
974 1880 1116 1940 liberatus
1136 1882 1166 1939 in

197 1960 345 2035 originem
360 1960 452 2029 redit,
468 1968 497 2021 et
511 1961 570 2019 hoc
582 1960 672 2020 habet
684 1969 892 2036 argumentum
904 1962 1069 2021 divinitatis
1082 1980 1166 2038 suae,

196 2044 279 2119 quod
295 2044 378 2122 illum
394 2044 495 2103 divina
510 2044 660 2104 delectant
673 2059 730 2102 nec
746 2052 778 2103 ut
791 2043 912 2113 alienis,
933 2045 987 2103 sed
1004 2052 1035 2103 ut
1046 2047 1110 2105 suis
1123 2047 1166 2104 in-

194 2135 304 2187 terest=
326 2142 435 2186 secure
449 2134 566 2201 spectat
578 2142 708 2187 occasus
721 2126 854 2186 siderum
867 2134 958 2201 atque
970 2135 1054 2187 ortus
1067 2135 1096 2187 ει
1107 2135 1167 2187 tam

194 2211 337 2270 diversas
349 2210 595 2269 concordantium
610 2211 683 2269 vias.
699 2211 852 2282 observat,
863 2211 913 2269 ubi
927 2226 1066 2285 quaeque
1079 2212 1167 2271 stella

194 2296 325 2369 primum
343 2294 429 2353 terris
446 2295 543 2353 lumen
561 2295 716 2366 ostendat,
731 2293 783 2353 ubi
798 2296 915 2353 culmen
929 2295 995 2353 eius
1007 2310 1165 2368 summum,

195 2394 257 2452 qua
273 2392 383 2435 cursus
399 2376 452 2451 sit,
476 2393 637 2451 quousque
653 2378 829 2436 descendat.
858 2379 997 2438 curiosus
1013 2386 1167 2452 spectatur

194 2458 311 2520 excutit
324 2460 444 2534 singula
459 2469 489 2520 et
504 2461 628 2535 quaerit.
652 2460 757 2535 quidni
774 2468 919 2534 quaeratt
943 2462 1000 2520 scit
1015 2463 1117 2521 illaad
1132 2479 1167 2521 se

193 2543 357 2619 pertinere.
399 2544 482 2603 Tunc
507 2544 669 2604 contemnit
694 2544 838 2602 domicilii
864 2543 974 2616 prioris
1000 2547 1165 2618 arigustias.
1175 2556 1208 2608 13

194 2634 340 2702 quantum
362 2627 440 2685 enim
462 2634 522 2700 est,
552 2628 635 2701 quod
656 2628 693 2686 ab
716 2626 827 2685 ultimis
848 2626 985 2685 litoribus
1000 2627 1167 2700 Hispaniae

193 2726 296 2783 usque
317 2711 356 2768 ad
376 2711 469 2769 Indos
488 2710 586 2769 iacet?
615 2710 868 2784 paucissimorum
890 2710 1005 2767 dierum
1024 2707 1165 2783 spatium,

195 2796 219 2853 si
243 2808 354 2852 navem
375 2810 448 2863 suus
474 2794 550 2853 ferat
570 2801 693 2863 ventus,
720 2790 857 2867 inplebit.
885 2800 915 2853 at
928 2793 978 2850 illa
994 2790 1079 2866 regio
1095 2807 1165 2851 coe-

194 2878 279 2937 lestis
302 2892 358 2951 per
377 2877 496 2950 triginta
521 2893 618 2935 atinus
641 2877 833 2936 velocissimo
861 2875 952 2936 sideri
976 2876 1054 2936 viam
1079 2891 1165 2951 prue-

194 2967 254 3020 stat
274 2976 438 3033 numquam
458 2956 624 3033 resistenti,
650 2962 704 3021 sed
728 2960 895 3035 aequaliter
915 2959 984 3019 cito.
1024 2959 1086 3018 Illic
1114 2960 1165 3018 de·

193 3059 275 3102 mum
298 3043 387 3102 discit
408 3044 490 3117 quod
512 3044 563 3102 diu
579 3044 739 3117 quaesivit.
764 3044 823 3102 illic
839 3043 943 3117 incipit
957 3043 1046 3101 deum
1062 3059 1165 3120 nosse.

194 3126 269 3201 quid
285 3134 334 3185 est
349 3126 444 3186 deust
470 3142 557 3186 mens
572 3126 716 3187 universi.
746 3126 816 3202 quid
833 3134 880 3184 est
896 3126 994 3184 deust
1020 3125 1103 3199 quod
1123 3126 1165 3182 ri·

193 3210 249 3268 des
269 3215 363 3269 totum
386 3218 415 3270 ει
432 3211 514 3285 quod
533 3228 592 3271 non
609 3210 694 3270 vides
712 3216 816 3269 totum.
834 3207 902 3266 'Sic
917 3208 1036 3264 demum
1048 3206 1165 3286 magni·

193 3293 267 3352 tudo
290 3308 348 3352 sua
367 3292 408 3351 illi
425 3294 578 3367 redditur,
600 3310 659 3366 qua
674 3293 746 3351 nihil
761 3291 858 3349 maius
874 3290 1039 3363 excogitari
1056 3297 1164 3363 potest,

194 3376 219 3435 si
241 3376 329 3435 solus
353 3383 399 3436 εει
419 3377 542 3450 omnia,
557 3394 635 3451 opus
656 3393 745 3436 suum
767 3381 797 3434 et
817 3382 902 3433 extra
923 3380 952 3433 ει
973 3374 1049 3432 iutra
1074 3378 1164 3432 tenet.

193 3458 273 3532 Quid
294 3473 368 3533 ergo
392 3459 517 3521 interest
534 3460 611 3520 inter
626 3468 763 3519 naturam
779 3458 827 3516 dei
843 3466 872 3518 et
886 3463 1042 3517 nostram?
1070 3456 1165 3515 nostri
1176 3463 1207 3516 ll

193 3543 302 3602 melior
321 3558 393 3617 pars
413 3542 531 3603 animus
553 3552 613 3615 est,
636 3544 664 3602 in
685 3543 736 3602 illo
750 3543 834 3601 nulla
848 3558 919 3616 pars
934 3549 1020 3600 extra
1034 3540 1164 3599 animum
1251 3561 1253 3564 ’

193 3634 250 3685 εει.
279 3633 360 3687 totus
380 3635 427 3687 est
447 3626 538 3701 ratio,
568 3643 635 3687 curn
657 3626 774 3686 interim
794 3633 895 3685 tantus
918 3641 1004 3685 error
1028 3624 1167 3683 mortalia

192 3716 288 3784 tenet,
315 3717 348 3771 ut
366 3710 440 3785 hoc,
469 3728 530 3787 quo
551 3726 652 3786 neque
673 3709 838 3770 formosius
859 3717 906 3769 est
926 3708 1087 3784 quicquam
1108 3722 1165 3766 nec
