2942 4384
323 465 386 527 292
609 465 643 525 L.
665 466 812 526 ANNAEI
834 465 1008 527 SENECAE

322 620 404 680 hunc
418 616 627 694 liquidumque
642 620 772 679 maculat
786 635 822 679 ac
839 619 946 694 polluit
956 620 1170 694 insuetumque
1183 622 1296 683 ducen-

279 713 310 765 *3
323 704 402 763 tibus
419 703 555 777 spiritum
567 704 664 761 adlert
675 719 755 762 nova
768 719 880 776 genera
892 705 1075 763 morborum.
1109 705 1195 777 Quid,
1212 708 1296 781 quod

325 803 423 860 aquae
439 802 563 860 quoque
577 786 697 845 inutiles
714 788 954 861 pestilentesque
973 787 1001 846 in
1018 788 1120 847 abdito
1135 790 1244 861 latent,
1265 799 1297 850 ut

326 886 402 944 quas
424 886 588 944 numquam
608 887 684 929 usus
706 878 862 942 exerceat,
893 887 1057 944 numquam
1078 888 1152 929 aura
1173 872 1297 931 liberior

324 953 501 1013 everberett
520 968 627 1011 crassa
642 955 744 1027 itaque
759 961 789 1011 et
803 954 887 1027 gravi
903 955 1031 1028 caligine
1047 957 1296 1029 sempiternaque

325 1044 421 1096 tectae
440 1035 513 1095 nihil
535 1036 594 1095 nisi
616 1038 793 1109 pestilerum
814 1037 843 1095 in
866 1052 900 1096 se
923 1044 954 1095 et
975 1039 1157 1111 corporibus
1181 1041 1294 1100 nostris

324 1120 506 1178 eontrarium
527 1119 646 1178 liabent.
675 1136 728 1178 aer
743 1135 880 1194 quoque,
902 1122 953 1194 qui
966 1120 1077 1179 mixtus
1092 1128 1138 1181 est
1152 1122 1212 1181 illis
1230 1123 1294 1195 qui-

325 1218 383 1277 que
404 1202 480 1261 inter
500 1205 566 1261 illas
590 1204 717 1277 paludes
738 1202 831 1275 iacet,
860 1218 927 1261 cum
949 1205 1086 1276 emersit,
1110 1206 1170 1263 late
1192 1206 1296 1267 vitium

295 1302 412 1352 usuum
429 1287 545 1361 spargit
559 1293 588 1344 et
604 1286 776 1345 haurientes
790 1294 887 1345 necat.
919 1286 1050 1346 Facilius
1066 1295 1165 1347 autem
1182 1305 1296 1362 pecora

323 1370 467 1443 sentiunt,
484 1371 512 1428 in
530 1385 608 1444 quae
625 1371 795 1444 pestilentia
809 1370 964 1429 incurrere
974 1373 1065 1442 solet,
1083 1387 1144 1444 quo
1156 1371 1295 1431 aridiora

323 1462 408 1512 sunt:
436 1463 541 1527 aperto
563 1455 649 1514 coelo
672 1455 832 1529 plurimum
851 1461 973 1512 utuntur
987 1461 1017 1513 et
1036 1454 1141 1527 aquis,
1165 1471 1294 1528 quarum

312 1538 454 1595 maxima
473 1537 502 1595 in
523 1538 695 1611 pestilentia
710 1539 800 1611 culpa
815 1544 871 1595 est.
900 1552 975 1597 oves
990 1553 1063 1596 vero
1078 1538 1226 1597 mollioris
1242 1555 1292 1597 na-

323 1627 422 1692 turae,
447 1637 507 1695 quo
529 1622 675 1695 propiora
692 1622 779 1679 terris
795 1621 894 1679 lerunt
911 1622 1024 1696 capita,
1047 1611 1211 1695 corruptas'
1224 1637 1294 1682 esse
1315 1691 1317 1696 ,

323 1718 383 1761 non
404 1702 511 1777 miror,
540 1720 607 1763 curn
629 1703 760 1762 adflatus
780 1702 859 1762 aeris
881 1704 937 1762 diri
957 1704 1038 1763 circa
1056 1704 1156 1777 ipsam
1169 1704 1293 1764 humum

323 1786 507 1859 exceperint.
529 1786 685 1846 nocuisset
700 1787 749 1844 ille
764 1795 793 1846 et
807 1786 996 1859 hominibus,
1017 1786 1044 1846 si
1058 1788 1155 1847 maior
1168 1788 1312 1848 exisset*

322 1869 378 1929 sed
399 1870 481 1929 illum
502 1869 591 1944 copia
606 1871 685 1929 aeris
700 1871 811 1931 sinceri
821 1871 985 1945 exstinxit,
1006 1877 1184 1945 antequam,
1208 1880 1241 1931 ut
1256 1872 1292 1931 ab

321 1953 444 2013 homine
460 1962 566 2028 posset
580 1955 671 2026 trahi,
695 1960 841 2027 surgeret.

295 2047 308 2097 l
382 2039 515 2097 XXVllI.
544 2038 637 2097 Multa
658 2044 757 2097 autem
779 2046 875 2097 terras
894 2038 1008 2097 habere
1024 2038 1176 2098 mortifera
1190 2040 1240 2097 vel
1254 2054 1292 2096 ex

321 2121 381 2181 hoc
395 2122 548 2195 intellege,
572 2123 655 2196 quod
669 2128 713 2181 tol
727 2137 843 2180 venena
856 2129 1021 2182 nascuntur
1032 2138 1091 2181 non
1104 2138 1196 2181 manu
1207 2138 1291 2195 spar-

321 2221 372 2278 sa,
395 2206 450 2264 sed
466 2213 593 2279 sponte,
612 2198 680 2265 'solo
696 2205 812 2264 scilicet
825 2205 955 2265 habente
970 2204 1088 2264 utboni
1103 2205 1144 2263 ita
1158 2206 1231 2264 mali
1244 2220 1290 2263 se·

321 2289 410 2345 mina.
452 2288 544 2361 Quid,
572 2290 655 2363 quod
676 2289 813 2362 pluribus
838 2288 941 2348 ltaliae
965 2289 1041 2348 locis
1064 2303 1120 2362 per
1143 2288 1291 2361 quaedam

321 2370 468 2430 foramina
494 2372 638 2445 pestilens
664 2372 822 2430 exhalatur
842 2388 954 2446 vapor,
984 2388 1074 2446 quem
1096 2388 1157 2431 non
1179 2368 1291 2430 homini

320 2454 448 2528 ducere,
467 2472 527 2515 non
544 2458 626 2514 serae
640 2462 733 2514 tutum
750 2461 817 2514 estl
838 2471 912 2515 aves
924 2472 1048 2529 quoque
1064 2453 1135 2514 siin
1150 2453 1290 2513 illumin·

321 2537 462 2612 uiderint,
485 2546 646 2615 antequam
661 2539 748 2599 coelo
764 2540 887 2597 meliore
902 2539 1036 2609 leniatur,
1058 2537 1173 2611 inipso
1190 2538 1292 2597 volatu

321 2623 432 2681 cadunt
451 2623 605 2697 liventque
622 2638 753 2697 corpora
768 2628 798 2680 et
813 2638 873 2680 non
889 2623 975 2681 aliter
988 2638 1079 2696 quam
1094 2636 1149 2694 per
1164 2621 1225 2678 vim
1240 2619 1290 2678 eli-

292 2716 308 2767 2
322 2720 375 2764 sae
391 2707 495 2767 lauces
508 2714 630 2765 tument.
663 2708 720 2765 Hic
732 2706 856 2779 spiritus
869 2706 1011 2779 quamdiu
1024 2705 1112 2764 terris
1123 2704 1291 2763 continetur

320 2790 402 2847 tenui
425 2790 571 2849 toramine
591 2789 705 2862 fluens,
734 2806 794 2847 non
816 2791 886 2862 plus
902 2789 1054 2863 potentiae
1071 2787 1177 2856 habet,
1201 2802 1291 2859 quarn

319 2879 352 2930 ut
364 2873 572 2945 despectantia
585 2882 614 2932 et
625 2875 702 2933 ultro
713 2871 770 2931 sibi
782 2872 873 2931 inlata
885 2870 1034 2932 conficiat
1057 2871 1109 2929 ubi
1121 2886 1177 2943 per
1188 2870 1292 2929 secula

321 2954 460 3014 conditus
482 2954 614 3015 tenebris
636 2972 672 3015 ae
692 2954 809 3016 tristitia
829 2954 889 3015 loci
909 2954 1005 3014 crevit
1023 2954 1051 3012 in
1073 2954 1194 3027 vitium,
1222 2952 1291 3026 ipsa

319 3038 502 3111 ingravescit
516 3054 615 3111 mora,
638 3039 800 3113 peior-quo
817 3038 949 3111 segnior.
972 3054 1041 3096 eum
1056 3038 1168 3096 exitum
1183 3042 1290 3095 nactus

319 3129 379 3193 est,
400 3130 552 3181 aeternum
573 3122 648 3182 illud
669 3121 807 3182 umbrosi
827 3122 948 3195 trigoris
969 3122 1079 3179 malum
1097 3127 1127 3179 et
1142 3118 1291 3179 infernam

318 3212 436 3265 noctem
459 3208 554 3266 volvit
570 3222 606 3265 ac
623 3207 756 3281 regionis
770 3215 894 3265 nostrae
908 3208 979 3264 aera
993 3203 1135 3262 iuluscat.
1168 3204 1290 3263 vincun-

228 3289 247 3336 Ἃ
289 3295 365 3354 3tur
386 3290 463 3347 enim
485 3291 611 3349 meliora
628 3290 792 3365 peioribus.
828 3290 910 3348 Tunc
924 3289 1013 3348 etiam
1029 3288 1079 3345 ille
1094 3287 1220 3361 spiritus
1237 3303 1290 3361 pu·

317 3373 379 3432 rior
399 3374 507 3433 transit
526 3372 556 3431 in
571 3390 698 3432 noxam:
720 3374 792 3432 inde
806 3373 924 3433 subitae
939 3372 1164 3443 continuaeque
1177 3377 1291 3429 mortes

318 3466 348 3515 et
367 3464 542 3516 monstrosa
562 3472 675 3531 genera
692 3456 868 3516 morborum
887 3464 919 3515 ut
935 3471 975 3514 ex
989 3452 1078 3512 novis
1094 3461 1162 3515 orta
1177 3452 1291 3513 causis.

318 3537 420 3599 brevis
434 3546 486 3599 out
498 3540 591 3615 longa
605 3541 708 3599 clades
725 3548 784 3613 est,
807 3546 896 3614 prout
906 3538 977 3598 vitia
989 3539 1121 3610 valuero,
1138 3553 1195 3596 nce
1208 3538 1291 3612 prius

317 3621 490 3695 pestilentia
511 3625 621 3683 desinit
642 3639 732 3697 quam
753 3624 892 3696 spiritum
912 3623 996 3683 illum
1016 3636 1140 3696 gravem
1156 3620 1293 3681 exercuit

311 3705 426 3768 laxitas
442 3708 519 3771 coeli
536 3713 757 3782 ventorumque
770 3707 901 3768 iactatio.
