2942 4384
223 493 368 556 NATUR.
380 493 542 569 QUAEST.
557 495 686 555 LIB.IlI.
701 496 939 557 so.-Liss.1v.
954 498 1090 559 PRAEF.
1113 500 1177 563 239

203 646 328 707 elficere
347 646 522 721 imperium,
548 646 631 720 quod
652 653 699 706 εει
718 647 902 721 procuratio.
938 647 1100 709 Facturum
1116 652 1175 713 hoc

202 738 232 789 te
253 746 314 791 non
337 729 451 789 dubito.
488 730 568 800 scio,
591 746 681 803 quam
702 732 746 789 sis
761 730 915 790 ambitioni
931 733 1062 807 aliennS,
1084 752 1175 808 quam

202 813 360 885 familiaris
381 814 441 873 otio
463 820 492 871 et
511 813 614 873 literis
642 813 760 873 turbam
775 813 929 873 hominum
945 831 1107 891 rerumque
1122 820 1174 877 de·

202 896 354 968 siderent,
382 897 489 969 quise
511 897 571 970 pati
593 898 748 956 nesciunt:
776 895 829 955 tibi
849 905 948 956 tecum
971 901 1083 973 optime
1102 917 1174 959 con-

201 981 294 1040 venit.
329 980 392 1039 Nec
414 986 462 1038 est
483 981 590 1037 mirum
614 980 720 1053 paucis
746 980 828 1039 istud
850 981 1025 1056 contingere
1046 989 1099 1055 [in]
1121 984 1202 1047 iun-2

201 1064 303 1138 perio,
325 1064 351 1122 sl
367 1062 456 1121 nobis
468 1064 526 1136 ipsi
540 1063 659 1122 molesti
672 1080 793 1136 snmuS,
811 1063 940 1123 simodo
954 1082 1057 1125 amore
1069 1071 1173 1142 nostri,

200 1146 294 1207 modo
308 1147 408 1206 taedio
424 1146 635 1218 laborarnuss
628 1164 657 1204 1n
661 1148 779 1205 lelicem
794 1148 925 1206 animum
937 1167 1017 1208 nunc
1030 1153 1174 1225 superbia
1241 1176 1243 1178 ’

195 1229 359 1303 inflamus,
388 1246 468 1288 nunc
489 1230 653 1303 cupiditate
675 1232 891 1302 distendimus
921 1234 995 1291 alias
1019 1237 1174 1329 voluptate

199 1315 371 1385 lassamus,
394 1314 469 1372 alias
492 1314 692 1372 sollicitudine
711 1316 876 1373 exurimus
907 1316 992 1389 quod
1007 1324 1055 1375 est
1069 1320 1173 1377 miser-

197 1397 322 1470 rimum,
343 1413 508 1492 numquam
522 1397 633 1470 singuli
648 1413 770 1455 sumus:
792 1414 922 1457 neccsse
937 1408 984 1458 est
1003 1398 1104 1475 itaque
1119 1403 1172 1460 ad-

198 1480 291 1539 sidua
311 1479 399 1539 sitin
420 1487 502 1539 tanto
523 1479 664 1539 vitiorum
686 1481 885 1540 contubernio
904 1483 979 1541 rixa.
1013 1484 1075 1542 Fac
1090 1501 1201 1559 ergo,3

197 1564 237 1622 mi
259 1563 369 1637 Lucili,
394 1564 476 1637 quod
498 1564 599 1622 facere
621 1564 793 1623 consuesti:
822 1566 943 1624 aturba
962 1574 1005 1639 te,
1028 1577 1173 1641 quantum

197 1655 305 1721 poteS,
329 1662 454 1720 separa,
478 1662 517 1705 ne
532 1647 737 1708 adulatoribus
754 1651 832 1707 latus
849 1650 1013 1721 praebeas:
1040 1653 1172 1712 artifices

197 1738 270 1790 sunt
286 1731 324 1789 ad
340 1730 509 1803 captandos
526 1730 712 1803 superiores.
735 1749 792 1805 par
806 1732 879 1806 illis,
897 1733 1015 1792 etiamsi
1031 1735 1107 1793 bene
1123 1753 1172 1795 ca-

195 1815 296 1886 veriS,
320 1829 381 1873 uon
397 1814 467 1871 eris.
490 1814 678 1886 credamini,
703 1816 848 1890 capieris,
866 1817 1029 1889 proditioni
1043 1819 1092 1891 [si]
1105 1821 1172 1893 ipse

194 1905 225 1956 te
246 1896 362 1956 trades.
402 1897 521 1955 Habent
541 1897 599 1956 hoc
620 1898 649 1954 in
672 1914 706 1955 se
728 1900 865 1957 naturale
882 1899 1060 1979 blanditiae:
1083 1904 1201 1961 etiana4

196 1995 266 2041 curn
282 1980 447 2040 reiciantur
463 1984 596 2053 placent,
620 1997 714 2055 saepe
731 1982 876 2041 exclusae
888 1982 1053 2041 novissime
1066 1986 1171 2045 admit—

193 2071 308 2123 tuntur.
340 2064 400 2123 hoc
421 2065 500 2122 enirn
521 2065 621 2138 ipsum
643 2065 795 2138 inputant,
819 2066 903 2138 quod
924 2068 1118 2141 repelluntur,
1144 2077 1173 2129 et

195 2146 298 2220 subigi
320 2162 358 2205 ne
384 2148 565 2206 contumelia
592 2148 714 2220 quidem
741 2155 880 2223 possunt.
919 2150 1100 2208 Incredibile
1126 2159 1173 2210 est

195 2230 282 2305 quod
297 2230 432 2290 dicturus
454 2248 535 2301 sum,
560 2232 616 2289 sed
630 2238 729 2290 tamen
746 2248 864 2290 verum:
889 2248 925 2291 ca
941 2234 1071 2293 maxime
1087 2235 1170 2308 quis-

195 2329 258 2389 que
280 2321 375 2387 patet,
400 2331 461 2389 qua
481 2315 599 2388 petitur.
631 2316 762 2374 fortasse
783 2316 862 2373 enim
882 2317 967 2389 ideo,
993 2318 1063 2391 quia
1080 2326 1170 2392 patet,

193 2397 317 2473 petitur.
355 2397 494 2472 sicergo
513 2399 659 2472 lormare,
681 2407 714 2458 ut
731 2400 813 2458 scias
829 2416 889 2457 non
904 2408 1044 2473 possete
1062 2412 1198 2462 conse-5

195 2481 267 2555 qui,
288 2486 321 2539 ut
335 2481 378 2539 sis
393 2481 630 2556 inpenetrabilis
658 2499 725 2541 curn
743 2483 843 2541 omnia
859 2484 993 2557 caveriS,
1016 2500 1071 2558 per
1082 2501 1169 2544 orna·

192 2572 297 2623 menta
317 2565 412 2628 feriet.
443 2566 531 2624 Alius
547 2566 721 2624 adulatione
739 2568 814 2625 clam
830 2574 938 2639 utetur,
961 2583 1068 2641 parce,
1092 2568 1170 2629 alius

193 2662 234 2706 ex
250 2653 372 2721 aperto,
396 2648 509 2722 palam,
531 2647 697 2709 rusticitate
712 2650 866 2720 simulata,
889 2650 977 2723 quasi
994 2653 1170 2725 simplicitas

192 2730 245 2788 illa
260 2747 310 2789 ars
326 2747 387 2791 non
403 2732 450 2792 sit.
484 2732 630 2805 Plancus,
646 2733 755 2791 artilex
770 2740 839 2791 ante
851 2733 994 2792 Villeium
1009 2736 1169 2808 maximae,

193 2811 297 2874 aiebat
311 2831 372 2874 non
387 2831 459 2875 esse
474 2817 593 2875 occulte
608 2831 665 2874 nec
681 2832 720 2874 ex
736 2816 926 2876 dissimulato
943 2818 1169 2878 blandiendum.

192 2899 290 2969 Perit,
311 2898 424 2972 inquit,
441 2902 580 2974 procuri,
602 2902 629 2958 si
640 2903 718 2959 latet.
755 2899 918 2960 Plurimum
934 2901 1082 2976 adulator,
1101 2907 1196 2962 cumo

193 2980 409 3055 deprehensus
425 2988 485 3053 est,
505 2982 639 3056 proficit:
662 2986 731 3057 plus
747 2986 933 3058 etiamnunc,
954 2986 980 3044 si
993 2986 1169 3061 obiurgatus

193 3071 256 3136 est,
273 3064 300 3123 si
312 3064 440 3126 erubuit.
475 3066 606 3125 Futuras
618 3069 728 3126 multos
740 3066 870 3126 Plancos
883 3069 982 3141 cogita
993 3068 1022 3126 in
1036 3086 1169 3143 persona

192 3155 246 3206 tua
266 3154 297 3207 et
315 3147 375 3209 hoe
396 3165 456 3209 non
478 3165 548 3209 esse
568 3149 734 3208 remedium
755 3150 828 3207 tanti
843 3150 928 3217 mali,
947 3151 1028 3209 nolle
1042 3154 1167 3210 laudari.

194 3230 321 3304 Crispus
336 3232 517 3306 Passienus,
541 3250 601 3307 quo
617 3249 674 3305 ego
691 3232 729 3289 nil
746 3232 817 3289 novi
833 3230 972 3289 subtilius
985 3232 1013 3289 in
1028 3235 1167 3293 omuibus

191 3314 301 3387 rebus,
325 3318 455 3376 maxime
470 3317 499 3376 in
515 3314 737 3391 distinguendis
755 3319 785 3372 ct
799 3314 941 3373 curandis
956 3312 1051 3388 vittis,
1074 3332 1167 3392 saepe

193 3397 316 3458 dicebat
331 3400 555 3460 adulationibus
571 3416 628 3459 nos
644 3416 704 3458 non
721 3398 863 3458 claudere
876 3398 1001 3470 ostium,
1025 3400 1081 3458 sed
1095 3414 1167 3474 ape—

191 3482 268 3556 rire,
292 3490 321 3540 et
334 3484 455 3557 quidem
468 3480 527 3555 sic,
543 3491 576 3544 ut
588 3483 702 3542 amicae
714 3482 830 3558 opponi
843 3483 936 3554 solet,
953 3498 1031 3555 quae
1043 3482 1069 3541 si
1080 3483 1165 3556 inpu-

190 3563 239 3636 lit,
261 3572 348 3639 grata
369 3574 429 3639 est,
452 3568 580 3641 gratior,
607 3568 633 3627 si
648 3566 775 3640 effregit.
813 3566 994 3625 Demetrium
1013 3567 1194 3640 egregiumi

191 3649 291 3708 virum
313 3652 434 3709 memini
455 3652 557 3710 dicere
580 3651 699 3710 cuidam
722 3650 861 3729 libertino
883 3650 1018 3724 potenti:
1048 3650 1166 3709 facilem

190 3730 250 3791 sibi
273 3734 352 3793 viam
375 3735 556 3796 ad'divitias
573 3750 659 3809 esse,
682 3750 744 3809 quo
760 3733 809 3792 die
823 3732 922 3794 bonae
937 3734 1166 3809 mentis'poeni-
