2942 4384
420 467 472 526 DE
492 466 706 545 sundri-0118
723 467 798 528 ΗΒ.
811 468 877 527 Vll.
899 477 1030 531 10-14.
1163 469 1227 534 143

240 618 371 679 dedisse
391 615 508 677 videor.
541 617 697 690 Quaedam
719 618 919 692 quorumdam
940 618 999 678 sub
1021 627 1104 680 eerta
1118 621 1223 683 eondi-

241 703 331 760 eione
346 708 435 760 sunt:
458 700 556 759 babeo
571 701 600 759 in
617 701 812 774 equestribus
830 703 944 774 tonum,
961 718 1021 761 non
1039 711 1070 762 ut
1083 707 1223 779 vendam,

241 800 301 844 non
317 792 352 844 ut
367 786 481 856 locem,
496 801 557 843 non
572 791 605 842 ut
619 783 766 854 habitem,
783 783 813 842 in
829 784 888 844 boe
902 793 1016 845 tantum
1032 793 1063 845 ut
1076 795 1222 861 spectem.

240 867 403 928 Praeterea
418 883 480 926 non
496 867 639 938 mentior,
654 867 679 924 si
696 866 766 924 dieo
784 882 832 924 me
847 868 961 926 babere
978 870 1006 927 in
1024 871 1219 943 equestribus
1235 887 1252 940 a

242 951 354 1010 iocum.
383 951 440 1009 sed
462 965 529 1008 eum
552 950 581 1009 in
605 949 753 1008 theatrum
777 951 863 1020 veni,·
886 951 912 1008 si
935 954 1026 1024 ptena
1042 963 1112 1014 sunt
1128 969 1220 1028 eque-

242 1034 316 1093 stria
333 1041 365 1092 et
380 1033 446 1092 iure
463 1032 562 1092 babeo
578 1033 679 1092 locum
696 1033 773 1104 ittio,
790 1031 862 1105 quia
877 1034 987 1092 sedere
1005 1035 1075 1093 mibi
1092 1037 1176 1109 lieet,
1192 1045 1223 1097 et

242 1133 302 1177 non
324 1116 441 1189 habeo,
464 1115 537 1190 quia
561 1116 599 1174 ab
615 1115 677 1185 bis,
697 1130 766 1173 eum
783 1115 893 1188 quibus
910 1118 980 1176 mibi
997 1118 1045 1177 ius
1063 1121 1121 1178 toci
1138 1135 1220 1179 oom-

242 1215 331 1258 mune
352 1206 416 1272 est,
436 1207 605 1272 occupatus
626 1205 683 1257 est
716 1198 799 1256 Idem
822 1200 899 1257 inter
916 1201 1032 1260 amieos
1052 1209 1123 1275 puta
1138 1203 1219 1262 tieri=

242 1281 390 1357 quiequid
413 1283 504 1341 babet
526 1282 657 1352 amicam,
685 1295 847 1339 commune
869 1289 916 1340 est
935 1284 1039 1351 nobis,
1062 1286 1118 1342 sed
1140 1285 1251 1357 ittius5

243 1366 401 1440 proprium
419 1373 484 1437 est,
500 1363 553 1439 qui
568 1370 658 1422 tenet.
682 1363 726 1422 uti
741 1362 788 1422 his
802 1364 852 1422 itio
868 1365 989 1422 notente
1002 1382 1062 1424 non
1081 1382 1217 1439 possum.

242 1449 390 1522 „Derides
403 1463 466 1520 me,
482 1447 600 1522 inquis:
617 1447 642 1505 si
656 1447 738 1520 quod
753 1447 842 1504 antici
857 1453 918 1519 est,
933 1463 1032 1506 meum
1047 1457 1109 1520 est,
1130 1451 1219 1509 liceat

241 1530 313 1590 mibi
333 1533 499 1590 vendere.“
531 1531 596 1590 Nou
615 1531 697 1588 ticet:
720 1545 789 1588 nam
807 1544 863 1587 nee
878 1533 1046 1604 equestria,
1070 1540 1216 1592 ettamen

242 1614 413 1674 eommunia
432 1614 485 1672 tibi
507 1629 575 1672 eum
596 1613 705 1672 ceteris
726 1612 880 1686 equitibus
905 1622 984 1674 sunt.
1019 1616 1083 1674 Non
1107 1624 1154 1675 est
1169 1632 1249 1689 ar-5

240 1705 414 1772 gumentum
430 1697 500 1754 ideo
515 1695 630 1770 aliquid
644 1704 726 1755 tuum
743 1712 903 1768 subesse,
920 1697 990 1770 quia
1005 1700 1139 1758 vendere
1155 1715 1215 1758 non

241 1788 345 1854 potes,
363 1779 435 1854 quia
453 1793 649 1851 eonsumere‚
666 1779 737 1852 quia
758 1789 874 1838 mutare
888 1779 918 1837 in
935 1781 1068 1842 deterius
1085 1790 1137 1842 aut
1153 1800 1214 1843 me-

241 1864 307 1922 tius.
340 1870 424 1922 tuum
440 1865 518 1920 enim
538 1869 585 1921 est
602 1862 690 1920 etiarn
707 1862 791 1935 quod
806 1861 863 1920 sub
882 1863 948 1935 tege
964 1873 1046 1923 certa
1059 1872 1142 1924 tuum
1158 1874 1216 1926 est.

300 1946 379 2005 xttt.
402 1945 473 2006 *i*
492 1945 615 2018 accepi,
640 1945 697 2003 sed
720 1953 800 2003 oerte
821 1960 881 2002 non
904 1945 1011 2004 minus
1041 1947 1084 2005 Ne
1099 1948 1215 2006 trabam

240 2030 376 2102 longius,
401 2027 641 2087 beneficium
662 2027 978 2085 maiusessenon
997 2035 1145 2100 potost=
1168 2045 1214 2102 ea,

241 2128 294 2186 per
306 2128 387 2186 quae
400 2108 582 2169 beneficium
594 2111 699 2182 datur,
714 2117 844 2183 possunt
858 2125 929 2168 esse
945 2112 1060 2170 maiora
1076 2119 1106 2170 et
1118 2114 1213 2186 ptura,

240 2196 267 2252 ιιι
286 2210 368 2268 quae
390 2210 425 2253 se
445 2195 576 2266 undique
596 2193 808 2252 benevolentia
829 2191 965 2251 effundat
987 2193 1076 2253 etsie
1091 2194 1148 2253 sibi
1168 2196 1212 2253 in·

240 2278 377 2352 dutgeat,
409 2275 664 2352 quemadmodum
684 2281 821 2335 amentes
843 2276 956 2349 soient,
978 2294 1106 2352 quorum
1128 2281 1214 2352 ptura

240 2364 346 2420 ossula
367 2368 398 2420 et
418 2362 588 2434 conplexus
614 2359 741 2419 artiores
763 2375 824 2418 non
846 2368 958 2434 augent
980 2378 1129 2436 eruorem,
1156 2363 1211 2422 sed

241 2450 393 2502 exercent.

298 2527 380 2585 XlV.
404 2527 487 2585 Haeo
508 2540 649 2601 quoque,
672 2542 752 2600 quae
772 2525 868 2596 venit,
896 2528 1034 2600 quaestio
1053 2527 1242 2601 profligatal

239 2611 333 2669 estin
357 2609 525 2682 prioribus:
549 2611 651 2683 itaque
672 2608 805 2667 breviter
827 2611 1052 2682 perstringetur.
1081 2617 1213 2682 possunt
1312 2680 1316 2684 .

240 2692 316 2751 eninr
343 2693 372 2750 in
398 2692 476 2751 bane
497 2708 574 2767 quae
590 2692 658 2751 atiis
680 2691 751 2750 data
766 2700 836 2751 sunt
853 2700 1029 2764 argumenta
1045 2691 1211 2749 transferri.

240 2775 468 2848 Quaeritur,
490 2792 534 2834 an
558 2778 621 2850 qui
643 2775 767 2833 omnia
789 2775 898 2850 feeit,
921 2781 958 2833 ut
979 2773 1210 2832 beneficium

239 2859 438 2929 redderet,
460 2857 690 2918 reddiderit.
720 2857 784 2930 „Ut
804 2861 900 2929 εειιιε,
921 2858 1132 2933 inquinatum
1150 2864 1240 2916 nont

238 2941 426 3001 reddidisse:
448 2943 549 3002 omnia
569 2941 654 3013 feeit,
683 2948 714 3000 ut
734 2941 886 3001 redderet.
918 2943 1046 3016 adparet
1060 2956 1133 3016 ergo
1150 2959 1208 3001 non

241 3039 310 3082 esse
329 3025 358 3083 id
375 3026 502 3097 tactum,
519 3025 604 3083 euius
621 3025 750 3083 faciendi
766 3041 825 3083 non
838 3040 909 3089 esse
925 3023 1057 3102 [**aut]
1073 3025 1209 3084 occasio-

239 3123 302 3165 nem
319 3123 381 3166 non
396 3108 508 3168 habuit.
531 3108 568 3165 Et
582 3107 722 3166 creditori
738 3124 796 3167 suo
813 3107 971 3181 pecuniam
989 3123 1047 3165 non
1067 3107 1211 3177 solvitis,

239 3192 287 3264 qui
303 3199 336 3250 ut
351 3193 499 3260 solveret,
515 3190 629 3264 ubique
645 3189 796 3264 quaesivit
813 3205 870 3248 nee
884 3188 1028 3246 invenit.“
1057 3188 1239 3260 Quaedamd

239 3273 303 3333 eius
329 3274 522 3333 condicionis
548 3279 632 3344 sunt,
660 3279 692 3331 ut
715 3271 858 3330 effectum
885 3276 1040 3343 praestare
1065 3270 1209 3330 debeant=

239 3357 420 3430 quibusdum
437 3373 491 3430 pro
504 3356 614 3415 effectu
626 3361 673 3413 est
688 3354 790 3413 omnia
800 3359 980 3426 temptasse,
996 3359 1028 3411 ut
1045 3353 1210 3413 efficerent.

237 3439 266 3499 Si
287 3441 398 3499 omnia·
411 3441 482 3498 feeit
503 3447 535 3497 ut
555 3444 690 3508 sanaret,
713 3436 830 3512 peregit
851 3437 987 3495 medicus
1008 3443 1109 3509 partes
1126 3450 1209 3494 suas.

235 3525 322 3583 etiam
346 3523 489 3582 damnato
509 3537 563 3582 reo
589 3520 700 3580 oratori
727 3525 847 3579 constat
859 3519 1051 3593 eloquentiae
1067 3517 1208 3589 osticium,

235 3609 258 3665 si
274 3607 358 3666 omni
376 3607 456 3678 iure,
476 3606 500 3665 si
518 3606 597 3664 omni
613 3608 643 3663 ai
656 3619 731 3663 usus
747 3610 802 3662 est.
831 3605 896 3662 taus
912 3601 1105 3675 imperatoria
1120 3600 1210 3660 etiam

233 3692 313 3750 vieto
337 3690 407 3747 duei
430 3688 581 3758 redditur,
603 3689 629 3746 si
653 3695 681 3745 et
697 3687 855 3759 prudentia
871 3694 901 3745 et
921 3683 1067 3743 industria
1082 3691 1111 3743 et
1128 3683 1209 3742 torti·

232 3774 307 3833 tudo
330 3772 507 3831 muneribus
526 3771 592 3830 suis
614 3771 716 3830 funeta
730 3778 787 3830 est.
804 3767 925 3828 -Ornnia
941 3767 1026 3843 feeit,
1049 3775 1080 3828 ut
1096 3765 1243 3828 heneti-t
