2942 4384
307 458 368 523 140
516 461 520 468 '
591 455 626 515 L.
646 454 793 515 ΑΝΝΑΕΙ
813 453 988 515 SENECAE

275 607 449 687 gserviunt.
489 606 576 665 Illam
594 606 718 665 alteram
739 605 971 680 possessionem
987 605 1171 682 adgnoscat,
1196 608 1274 669 hanc

302 694 385 752 nolet
403 691 531 762 habere,
554 689 580 748 si
601 690 719 764 poterit.
753 689 918 762 emittitque
939 689 1019 747 illam
1036 706 1160 763 vocem,
1183 708 1274 766 quarn

301 776 457 836 Romanus
478 774 642 846 imperator
662 771 777 842 emisit,
801 787 869 831 cum
884 772 926 829 illi
941 773 981 833 ob
997 772 1136 832 virtutem
1151 782 1183 834 ct
1196 774 1275 834 bene

301 865 418 933 gestam
433 855 649 929 rempublicam
667 862 781 914 tantum
797 855 861 927 agri
876 855 1106 926 decerneretur,
1128 865 1275 929 quantum

300 942 417 1001 arando
437 955 500 998 uno
521 938 569 997 dic
591 938 718 997 circuire
740 938 906 1011 potuisset:
929 955 988 998 nen
1002 944 1146 1012 opeseu,
1168 939 1274 1014 inquit,

300 1026 379 1085 cobis
398 1040 432 1083 co
451 1026 527 1092 ciue,
548 1023 598 1081 cui
612 1024 681 1095 plus
700 1037 774 1095 opus
792 1024 843 1092 sit,
865 1037 954 1094 quum
975 1024 1029 1095 unt·
1045 1025 1112 1081 ciui.
1155 1022 1273 1095 Quanto

301 1106 425 1166 maioris
446 1104 500 1162 viri
519 1112 607 1177 putas
623 1102 783 1176 respuisse
798 1104 857 1161 hoc
871 1119 981 1162 munus
997 1120 1086 1177 quam
1102 1105 1275 1175 meruisset

301 1189 385 1249 multi
400 1188 479 1247 enim
494 1187 572 1246 fines
588 1186 654 1245 aliis
669 1187 873 1258 abstulerunt,
889 1186 947 1244 sibi
961 1202 1050 1245 neme
1066 1187 1233 1247 constituit.

274 1286 288 1337 1
362 1272 442 1330 VIII.
466 1270 546 1345 Ergo
562 1286 629 1329 cum
645 1270 776 1327 animum
791 1269 938 1342 sapientis
952 1269 1104 1328 intuemur
1119 1277 1273 1343 potentem

301 1356 434 1415 omnium
454 1361 485 1413 et
505 1370 560 1428 per
579 1353 723 1412 universa
737 1353 911 1423 dimiSsum,
934 1351 1035 1411 omnia
1048 1353 1126 1411 illius
1143 1368 1215 1414 esse
1230 1354 1273 1413 di-

301 1440 411 1511 cImus,
435 1454 512 1497 cum·
524 1443 621 1497 cutem
640 1435 762 1494 heolus
779 1434 977 1508 cotidIanum,
1001 1436 1027 1493 si
1042 1436 1083 1493 ita
1097 1451 1148 1494 res
1162 1436 1272 1508 tulerit,

300 1523 399 1597 capite
411 1518 593 1580 censebitur.
626 1517 751 1576 Multum
763 1518 902 1590 interest,
918 1519 1079 1591 possessio
1091 1519 1158 1577 eius
1170 1518 1272 1588 animo

300 1620 336 1663 ac
357 1602 563 1676 magnitudine
581 1602 755 1659 aestimetur
768 1617 805 1658 an
822 1616 927 1659 censu.
963 1602 1046 1660 llaec
1060 1601 1206 1661 universa
1219 1601 1272 1661 ha·

271 1685 387 1759 abere,
411 1685 583 1758 dequibus
609 1684 758 1756 loqueris,
781 1683 1013 1742 abominabitur.
1053 1684 1120 1743 Non
1141 1685 1272 1744 referam

299 1770 352 1828 tibi
368 1769 539 1839 Socratem,
558 1766 777 1843 Chrysippum,
798 1766 951 1826 Zenonem
964 1773 995 1826 et
1008 1774 1126 1827 ceteros
1141 1782 1272 1841 magnos

301 1852 423 1925 quidem
436 1851 537 1921 vir0S,
560 1850 689 1909 maiores
705 1849 841 1923 quidem,
864 1850 935 1923 quia
955 1850 985 1908 in
1001 1850 1120 1909 laudem
1133 1858 1271 1912 vetusto·

299 1952 365 1993 rum
386 1934 500 1993 invidia
520 1949 580 1991 non
601 1934 711 1993 obstat.
753 1932 846 1991 Paulo
873 1939 943 1991 ante
967 1932 1150 1992 Demetrium
1172 1935 1272 2006 retuli

300 2034 392 2093 quem
411 2017 483 2076 mibi
503 2015 622 2076 videtur
641 2031 742 2075 rerum
757 2022 865 2075 natura
879 2016 991 2075 nostris
1004 2015 1112 2075 tulisse
1125 2018 1270 2090 tempori·

298 2100 373 2175 buS,
394 2109 427 2161 ut
446 2100 621 2161 ostenderet
640 2113 697 2158 nec
717 2100 799 2158 illum
821 2114 840 2156 a
859 2099 948 2157 nobis
970 2098 1123 2173 corrumpi
1137 2114 1196 2158 nec
1211 2115 1270 2159 nos

299 2184 337 2243 ab
360 2185 410 2244 illo
433 2183 543 2255 corrigi
565 2197 674 2255 posse=
699 2182 797 2240 virum
817 2189 957 2254 exactae,
982 2181 1053 2240 licet
1077 2190 1167 2255 neget
1190 2182 1270 2257 ipse,
1307 2252 1309 2255 ¹

299 2266 468 2340 sapientiae
482 2266 648 2337 firmaeque
660 2263 693 2322 ln
709 2264 772 2337 his,
787 2279 867 2339 quae
880 2265 1053 2339 proposuit,
1069 2266 1270 2337 constantiae,

299 2348 490 2422 eloquentiae
512 2362 586 2405 vero
603 2348 683 2417 cius,
705 2362 785 2420 qrrae
799 2363 849 2406 res
866 2348 1046 2407 fortissimas
1062 2348 1185 2422 deceat,
1207 2364 1269 2409 noo

299 2429 499 2490 concinnatae
519 2444 576 2488 nec
597 2429 627 2487 in
650 2428 743 2487 verba
766 2430 928 2504 sollicitae,
951 2432 1007 2490 sed
1028 2430 1142 2504 ingenti
1157 2431 1269 2504 animo,

269 2523 286 2577 3
299 2521 388 2588 prout
403 2514 522 2587 inpetus
536 2512 615 2585 tulit,
630 2528 681 2571 res
696 2529 769 2572 suas
785 2514 1009 2587 prosequentis.
1042 2512 1119 2573 Huic
1134 2530 1196 2573 non
1214 2516 1269 2574 du-

296 2598 374 2670 bito,
397 2597 468 2670 quin
484 2596 676 2670 providentia
690 2603 720 2655 ct
734 2598 823 2655 talem
839 2596 931 2655 vitam
947 2603 977 2657 et
992 2589 1078 2655 talem
1091 2596 1213 2656 dicendi
1226 2598 1268 2657 ia-

297 2683 437 2742 cultatem
448 2680 579 2753 dederit,
598 2696 636 2739 ne
648 2686 700 2738 aut
710 2680 882 2753 exemplum
895 2683 1000 2739 seculo
1012 2688 1117 2740 nostro
1130 2687 1184 2740 aut
1196 2694 1268 2741 con-

295 2764 406 2827 vicium
428 2764 561 2823 deesset.
595 2762 747 2821 DemetrIo
771 2764 797 2821 si
811 2778 862 2821 res
876 2772 998 2823 nostras
1013 2762 1124 2836 aliquis
1139 2763 1269 2824 deorum

295 2845 502 2921 possidendas
515 2845 587 2905 velit
596 2846 716 2904 tradere
728 2847 786 2904 sub
799 2847 866 2919 lege
877 2853 974 2918 certa,
991 2861 1029 2905 ne
1040 2846 1131 2905 liceat
1142 2847 1268 2920 donare,

295 2928 518 2987 adfirmaverim
533 2928 760 3001 repudiaturum
776 2928 980 2987 dicturumve:
995 2993 997 2998 ¹

266 3019 281 3071 1
356 3010 405 3071 lX.
427 3010 516 3085 „Ego
532 3026 605 3070 vero
621 3026 669 3069 me
683 3011 723 3069 ad
735 3011 817 3071 istud
837 3012 1043 3070 inextricabile
1064 3011 1187 3084 pondus
1206 3028 1269 3073 non

293 3096 394 3169 adligo
417 3110 473 3153 nec
494 3094 523 3153 io
544 3094 633 3152 altam
654 3094 750 3152 lecem
771 3108 870 3153 rerum
887 3095 966 3153 bunc
981 3094 1158 3168 expeditum
1171 3094 1268 3156 homi·

293 3195 363 3238 nem
390 3176 523 3238 demitto.
558 3176 635 3251 Quid
660 3176 771 3237 adme
797 3177 899 3236 delers
925 3178 1108 3252 populorum
1132 3180 1268 3239 omnium

291 3266 391 3322 molat
406 3276 485 3337 quae
496 3278 534 3321 ne
545 3262 672 3320 daturus
684 3259 808 3335 quidem
820 3260 1000 3336 acciperem,
1018 3261 1163 3335 quoniam
1175 3264 1270 3322 multa

290 3347 395 3417 video,
412 3360 492 3420 quae
510 3360 558 3403 me
574 3345 689 3404 donare
706 3360 764 3403 non
781 3345 897 3405 deceat.
927 3344 1007 3403 Volo
1023 3345 1081 3403 sub
1097 3354 1269 3418 conspectu

290 3444 359 3488 meo
378 3442 507 3503 ponere,
536 3442 616 3501 quae
636 3426 771 3500 gentium
791 3427 899 3486 oculos
918 3442 1086 3502 regumque
1103 3428 1268 3500 praestrin-

290 3519 372 3585 gunt.
397 3513 467 3571 volo
490 3510 597 3568 intueri
622 3511 718 3583 preda
732 3507 890 3583 sanguinis
906 3511 1136 3584 animarumque
1151 3518 1267 3571 vestra-

260 3604 364 3657 2rum.
392 3593 491 3653 Prima
511 3591 583 3650 mihi
608 3592 747 3652 luxuriae
767 3593 866 3666 spolia
887 3609 1040 3667 propone,
1067 3594 1134 3652 sive
1148 3591 1201 3652 illu
1221 3593 1267 3652 vis

291 3692 346 3750 per
368 3677 503 3736 ordinem
523 3676 713 3749 expandere,
743 3674 825 3748 sive,
848 3683 883 3735 ut
902 3684 949 3735 est
972 3674 1096 3748 melius,
1120 3672 1267 3735 inunum

286 3773 430 3819 acervum
452 3757 542 3817 dare=
562 3758 661 3819 video
673 3758 859 3819 elaboratam
873 3760 1057 3833 scrupulosa
1071 3756 1268 3819 distinctione
