2942 4384
312 428 373 492 122
595 428 795 488 L.ANNAE1
821 428 996 490 SENECAE

311 582 1281 659 lenthis,quibusobligatisunt,aliquidadversi,

310 671 344 727 in
376 685 449 743 quo
470 670 663 726 adlectum
685 682 883 726 memorem
914 666 1068 740 accepti
1095 669 1282 729 beneficii

279 749 539 826 aadprobenr.
566 752 621 808 An
642 749 712 809 hoc
733 750 1290 824 rectelaciantelpiavolun-·

312 842 403 904 lale,
426 832 635 907 quaeritur.
659 848 788 905 quorum
806 831 924 890 animus
940 832 1110 893 simillimus
1126 843 1175 893 est
1190 852 1281 909 prauo

312 932 415 977 amore
434 914 645 989 flagrantibuS,
672 916 723 989 qui
744 916 858 974 amicae
880 930 954 973 suae
969 922 1075 987 optant
1092 917 1232 990 exilium,
1253 926 1284 978 ut

312 1002 465 1060 desertam
492 1001 716 1072 fugientemque
736 998 930 1068 comitentur,
955 1006 1061 1072 optant
1079 999 1230 1072 inopiam,
1254 1008 1284 1059 ut

311 1083 409 1155 magis
422 1082 607 1140 desideranti
622 1082 750 1153 donent,
767 1089 872 1154 optant
886 1080 1038 1152 morbum,
1061 1089 1094 1141 ul
1108 1082 1282 1141 adsideanu
1307 1079 1315 1088 '

313 1174 342 1225 et
357 1164 504 1239 quicquid
519 1163 659 1223 inimicus
676 1170 808 1237 optaret,
824 1172 960 1223 amantes
976 1171 1096 1222 vovent.
1125 1166 1191 1223 lere
1207 1168 1282 1224 idem

278 1259 295 1312 3
310 1250 412 1322 itaque
436 1248 534 1305 exitus
551 1253 598 1305 est
613 1248 674 1306 odii
692 1255 721 1307 et
736 1249 848 1305 amoris
865 1246 974 1305 insani.
1004 1246 1076 1305 Tale
1092 1247 1240 1320 quiddam
1255 1256 1282 1308 el

311 1332 358 1392 his
373 1328 484 1389 accidit
499 1330 549 1403 qui
564 1329 669 1389 amicis
686 1330 878 1389 incommoda
894 1335 1102 1403 optant-quae
1115 1331 1281 1402 detrahant,

311 1423 341 1475 cl
356 1413 395 1473 nd
411 1413 592 1473 beneficium
612 1413 722 1472 iniuria
745 1414 882 1484 veniunt,
905 1428 972 1472 curn
989 1413 1084 1471 satius
1100 1413 1140 1472 sil
1155 1414 1204 1472 vel
1219 1429 1281 1473 ces-

281 1509 382 1560 lsare
404 1512 495 1569 quam
518 1512 573 1569 per
595 1498 696 1555 scelus
719 1496 821 1554 ollicio
842 1496 943 1554 locum
966 1510 1124 1568 quaerere.
1160 1496 1238 1567 Quid
1258 1496 1283 1555 si

311 1580 497 1655 gubernator
516 1594 534 1636 a
557 1579 603 1636 dis
624 1585 822 1652 tempestales
843 1578 1057 1637 inleslissimas
1080 1585 1110 1636 ct
1133 1580 1283 1651 procellas

312 1668 408 1737 petat,
429 1668 463 1719 ut
479 1661 592 1733 gratior
607 1676 657 1719 ars
673 1677 730 1719 sua
746 1663 881 1733 periculo
897 1662 969 1720 fiat?
992 1660 1064 1732 quid
1080 1660 1107 1719 si
1122 1661 1284 1735 imperator

312 1745 388 1803 deos
410 1750 489 1813 orel,
511 1750 544 1800 ul
563 1758 671 1816 magna
693 1742 739 1801 uis
754 1743 884 1802 hostium
900 1744 1083 1802 circumlusa
1098 1744 1208 1804 castris
1223 1746 1282 1803 los-

312 1843 364 1887 sas
386 1824 486 1883 subito
502 1825 606 1898 inpetu
621 1827 773 1899 compleat
788 1834 818 1885 ct
836 1827 945 1885 vallum
964 1825 1133 1899 trepidante
1148 1828 1283 1886 exercitu

313 1908 464 1968 convellat
485 1915 513 1966 et
534 1910 563 1966 in
586 1909 662 1983 ipsis
679 1910 776 1982 portis
792 1909 903 1968 infesta
918 1910 1005 1981 signa
1021 1909 1200 1983 constituat,
1223 1925 1282 1983 quo

312 1992 426 2050 maiore
442 2007 509 2050 cum
523 1993 620 2065 gloria
633 1992 725 2050 rebus
742 1992 838 2064 lapsis
860 1991 1091 2065 profligatisque
1107 1999 1284 2052 succurrat?

282 2078 298 2128 5
314 2074 424 2134 Omnes
441 2074 489 2133 isti
503 2074 652 2134 beneficia
668 2091 724 2134 sua
739 2073 909 2133 detestabili
927 2074 975 2133 via
990 2074 1119 2146 ducunt,
1141 2074 1194 2149 qui
1207 2077 1282 2134 deos

313 2165 418 2217 contra
433 2173 501 2217 curn
516 2160 681 2229 advocant,
698 2158 746 2226 cui
761 2157 820 2231 ipsi
838 2158 969 2217 adfuturi
985 2165 1070 2227 sunt,
1086 2165 1115 2217 et
1130 2165 1200 2216 ante
1214 2158 1283 2217 illus

313 2242 407 2299 sterni
428 2257 518 2312 quam
539 2240 613 2312 erigi
633 2242 753 2299 volunt:
780 2239 944 2298 inhumana
965 2241 1022 2299 ista
1042 2255 1188 2312 perverse
1207 2240 1282 2314 grati

312 2322 405 2381 anani
425 2328 532 2380 natura
553 2329 600 2381 est
614 2329 718 2381 contra
739 2338 809 2381 eum
824 2331 945 2397 optare,
966 2324 1015 2382 cui
1029 2322 1159 2382 honesto
1173 2324 1283 2384 deesse

313 2420 373 2463 non
391 2421 503 2477 possis.

282 2500 296 2549 1
371 2488 477 2546 XXVI.
500 2489 584 2560 „Non
602 2496 705 2561 nocet,
721 2490 832 2564 inquit,
848 2489 889 2547 illi
904 2496 1006 2550 votum
1023 2503 1138 2562 meum,
1155 2489 1227 2563 quia
1244 2490 1282 2548 si·

312 2572 373 2629 mul
389 2577 461 2644 opto
477 2579 506 2631 et
521 2572 687 2645 periculum
702 2581 732 2632 ct
745 2574 943 2632 renredium.“
971 2574 1036 2631 Hoc
1049 2573 1125 2631 dicis
1147 2572 1283 2632 nonnihil

313 2660 342 2712 le
359 2669 502 2728 peccare,
525 2655 581 2713 sed
595 2655 694 2714 minus
711 2672 801 2729 quam
822 2656 849 2713 si
870 2657 937 2715 sine
959 2655 1093 2714 remedio
1116 2655 1282 2728 periculum

313 2745 447 2811 optares.
485 2738 623 2812 Nequitia
644 2747 691 2798 est
710 2746 742 2797 ut
763 2738 905 2810 extrahas
927 2753 1075 2811 mergere,
1101 2745 1239 2798 evertere
1254 2746 1284 2797 ut

314 2820 459 2890 suscites,
479 2826 511 2877 ut
531 2822 649 2878 emittas
670 2820 837 2880 includere.
869 2838 930 2880 non
951 2827 998 2879 cst
1012 2819 1193 2879 beneficium
1207 2820 1281 2879 iniu-

313 2900 376 2957 riae
391 2901 470 2959 finis.
501 2915 557 2958 nec
574 2918 719 2973 umquam
734 2904 765 2961 id
781 2904 952 2963 detraxisse
968 2901 1105 2962 meritum
1120 2911 1182 2974 est,
1198 2903 1282 2977 quod

281 2982 379 3056 aipse
396 2981 447 3055 qui
464 2982 593 3042 detraxit
614 2985 763 3044 intulerat.
791 2986 857 3045 Non
875 2988 1017 3045 volnercs
1035 3001 1081 3043 mc
1096 2986 1176 3044 malo
1192 3002 1282 3060 quam

313 3081 414 3124 sanes.
445 3072 531 3139 potes
553 3066 628 3125 inire
643 3069 785 3141 gratiam,
802 3070 844 3139 si,·
861 3069 931 3142 quia
947 3069 1122 3126 volneratus
1137 3083 1219 3140 sum,
1235 3084 1281 3126 sa·

312 3165 378 3209 nas.
401 3164 477 3221 non,
493 3149 519 3207 si
534 3151 691 3223 volueras,
713 3158 747 3210 ut
761 3153 916 3211 sanandus
932 3152 1004 3210 sim:
1025 3165 1190 3224 numquam
1204 3150 1282 3209 cica-

310 3232 370 3291 trix
384 3231 442 3291 nisi
458 3234 565 3293 collata
577 3235 690 3293 volneri
706 3236 826 3308 placuit,
840 3235 922 3307 quod
937 3234 978 3291 ita
993 3234 1094 3293 coisse
1105 3234 1283 3306 gaudemus

311 3323 426 3375 utnon
449 3315 546 3375 luisse
567 3318 733 3376 mallemus.
769 3316 802 3376 Si
823 3316 882 3375 hoc
902 3316 930 3373 ei
951 3323 1090 3389 optares,
1113 3316 1200 3374 cuius
1216 3317 1282 3375 nul-

312 3400 373 3457 lum
386 3398 567 3456 beneficium
582 3399 727 3470 haberes,
743 3400 937 3458 inhumanum
954 3407 1018 3458 erat
1034 3407 1150 3459 votum:
1169 3405 1282 3472 quanto

312 3479 504 3540 inhumanius
520 3480 549 3539 ci
563 3489 667 3555 oplaS,
684 3483 732 3540 cui
749 3482 929 3541 beneficium
944 3481 1061 3541 debes?

285 3571 300 3622 1
377 3564 497 3622 XXVII.
527 3563 658 3636 „Sin1ul,
687 3565 798 3639 inquit,
827 3571 859 3624 ut
883 3564 1000 3637 possim
1028 3565 1107 3622 serre
1128 3563 1171 3621 illi
1192 3577 1283 3637 opem

312 3650 451 3720 precor.“
484 3646 629 3721 Primum,
649 3653 682 3706 ut
696 3654 725 3707 te
740 3647 769 3707 in
786 3648 885 3707 media
899 3655 985 3721 parte
997 3645 1060 3707 uoti
1072 3648 1112 3707 tui
1125 3661 1284 3723 occupem,
