2942 4384
378 457 429 517 DE
448 456 658 518 BENEFlCllS
677 458 750 517 LlB.
762 460 800 517 V.
823 468 904 521 14—
912 469 952 523 lo
1105 460 1147 522 99

169 610 228 682 uisi
245 608 385 680 verterit,
407 608 465 668 uisi
478 609 676 681 Allobrogum
698 608 726 666 ln
744 609 822 677 illam
838 610 981 669 cohortes
1001 609 1146 671 inmiserit

170 702 199 753 et
214 701 302 753 trans
316 693 413 765 Alpes
427 692 542 750 accitus
558 692 654 750 bostis
672 700 774 749 vetera
788 700 818 751 et
831 693 962 764 ingenita
975 694 1045 751 odia
1056 696 1145 752 satia-

171 778 246 835 verit
260 789 300 834 ac
315 775 368 833 diu
383 773 502 832 debitas
518 774 640 831 interius
657 774 779 833 Gallicis
794 775 891 833 bustis
907 776 1002 834 duces
1018 776 1145 835 Romani

170 857 384 932 persolverint.
420 856 557 929 ingratus
579 856 609 914 c.
621 857 735 915 llllarius
754 858 793 915 ud
809 858 999 916 consulatum
1015 875 1033 916 a
1048 859 1175 933 caliga2

169 942 355 1015 perductuS,
385 939 436 1012 qui
457 939 513 996 uisi
535 938 690 997 Cimbricis
712 940 857 998 caedibus
883 941 1019 999 Rornana
1039 942 1144 999 lunera

170 1022 363 1097 aequaverit,
379 1020 444 1079 nisi
464 1020 560 1079 civilis
582 1021 663 1079 exitii
679 1027 709 1079 et
730 1024 937 1083 trucidationis
954 1040 1013 1083 non
1028 1031 1143 1082 tantum

170 1106 290 1167 dederit
304 1102 439 1176 signum,
462 1104 516 1161 sed
533 1104 600 1177 lpse
618 1104 852 1176 agnominant,
874 1122 980 1178 parum
992 1109 1144 1166 urultatam

169 1204 205 1247 ac
222 1186 392 1261 repositam
412 1186 442 1243 in
469 1186 600 1260 priorem
624 1188 723 1245 locum
745 1188 896 1246 fortunam
916 1205 1002 1247 suam
1024 1190 1143 1248 sentiet.

168 1271 309 1344 Ingratus
331 1269 363 1327 L.
375 1268 472 1341 Sulla,
494 1269 546 1342 qui
567 1270 692 1342 patriam
709 1269 882 1329 durioribus
895 1271 1038 1329 remediis
1054 1286 1172 1344 quamn

169 1354 306 1427 pericula
321 1359 406 1410 erant
419 1352 553 1423 sanavit,
575 1352 626 1424 qui
642 1367 710 1410 cum
725 1351 952 1410 aPraencstina
963 1368 1034 1410 arce
1045 1370 1144 1426 usque

169 1436 205 1494 a'd
222 1436 371 1495 Collinam
387 1442 502 1508 portam
517 1435 761 1508 persanguinem
778 1435 940 1493 humanum
955 1435 1142 1507 incessisset,

165 1520 227 1577 alia
248 1518 347 1577 edidit
365 1518 394 1575 iu
417 1517 491 1576 urbe
508 1517 637 1591 proelia,
661 1518 736 1575 alias
754 1519 874 1576 caedes.
905 1518 1039 1591 legiones
1056 1519 1142 1589 duas,

169 1600 254 1674 quod
270 1600 394 1659 crudele
409 1604 470 1670 est,
487 1606 558 1672 post
571 1599 741 1670 victoriam,
758 1601 840 1674 quod
852 1602 952 1671 netas,
971 1608 1042 1673 post
1052 1601 1142 1659 fidem

169 1682 197 1741 in
213 1684 328 1755 angulo
344 1691 505 1754 congestas
521 1682 742 1741 contrucidavit
756 1691 786 1742 et
803 1682 1055 1757 proscriptionem
1071 1700 1141 1742 con-

168 1774 290 1825 meatus
306 1771 367 1838 est,
390 1766 420 1823 di
436 1765 550 1837 magni,
571 1771 604 1823 ut
616 1764 668 1837 qul
680 1765 776 1823 civem
787 1767 956 1825 Romanum
969 1766 1143 1837 occidisset,

168 1848 382 1921 inpunitatem,
409 1849 583 1920 pecuniam,
612 1854 726 1905 tantum
747 1865 806 1907 non
833 1849 958 1907 civicam
975 1848 1142 1922 acciperet!

167 1932 309 2004 Ingratus
325 1930 376 1987 Cn.
387 1929 566 2004 Pompeius,
590 1930 641 2003 qui
658 1946 713 2003 pro
728 1931 825 1990 tribus
841 1932 1064 2003 consulatibus,
1087 1949 1170 2005 pro4

168 2012 329 2087 triumphis
342 2012 446 2082 tribus,
463 2027 516 2087 pro
530 2019 573 2071 tot
585 2013 763 2086 honoribus,
776 2029 855 2086 quos
867 2028 906 2071 ex
919 2014 1050 2071 maxima
1058 2021 1142 2086 parte

167 2098 337 2156 inmaturus
360 2093 528 2167 invaserat,
557 2096 635 2154 lianc
657 2095 783 2168 gratiam
802 2095 988 2168 reipublicae
1002 2095 1141 2167 reddidit,

167 2188 200 2239 ut
213 2181 243 2237 in
261 2177 492 2252 possessionem
508 2178 574 2236 eius
589 2177 667 2236 alios
681 2194 804 2254 quoque
816 2178 974 2238 induceret
985 2178 1073 2250 quasi
1087 2195 1141 2251 po·

167 2263 280 2321 tentiae
300 2276 377 2320 suae
398 2261 588 2320 detracturus
610 2260 768 2335 invidiam,
795 2261 822 2320 si
849 2262 933 2336 qnod
953 2262 1024 2320 nulli
1051 2261 1142 2319 licere

167 2345 314 2415 debebat,
343 2343 479 2417 pluribus
502 2344 646 2406 licuisset.
680 2346 751 2403 dum
773 2345 1013 2404 extraordinaria
1030 2359 1142 2405 concu-

169 2428 260 2502 piscit
274 2426 415 2499 imperia,
436 2427 507 2485 dum
524 2424 710 2501 provincias
725 2434 758 2486 ut
769 2429 874 2501 eligat,
889 2427 1052 2500 distribuit,
1069 2427 1142 2486 dum

168 2511 208 2571 ita
226 2517 310 2583 [cum
324 2510 422 2580 tertio]
439 2510 655 2583 rempublicam
670 2510 790 2581 dividit,
811 2519 842 2570 ut
856 2518 954 2570 tamen
970 2512 1000 2569 in
1016 2527 1073 2569 sua
1088 2510 1142 2570 do·

168 2610 217 2653 mc
239 2593 320 2652 duae
341 2600 443 2666 partes
464 2604 583 2665 essent,
604 2607 642 2651 eo
663 2594 780 2667 redegit
800 2595 946 2667 populum
963 2595 1141 2664 Romanum,

168 2685 200 2735 ut
218 2675 327 2735 salvus
348 2689 418 2734 esse
440 2691 500 2736 non
523 2684 629 2749 posset
649 2676 707 2734 nisi
729 2675 876 2733 beneficio
896 2676 1059 2733 servitutis.
1095 2675 1169 2743 ln-5

167 2766 274 2833 gratus
291 2758 357 2831 ipse
371 2757 506 2831 Pompeii
524 2758 620 2819 bostis
635 2774 671 2817 ac
688 2759 797 2816 victor:
820 2774 839 2817 a
856 2759 951 2816 Gallia
968 2757 1141 2815 Germania-

169 2857 229 2917 que
246 2841 357 2899 bellum
371 2841 400 2899 in
417 2842 519 2901 urbem
537 2841 712 2915 circumegit
726 2848 756 2900 et
770 2842 820 2901 ille
836 2841 1000 2915 plebicola,
1022 2842 1071 2898 ille
1086 2856 1140 2913 po·

168 2924 285 2999 pularis
300 2931 399 2982 castra
414 2924 443 2983 in
458 2924 540 2983 circo
554 2925 699 2983 Flaminio
714 2926 816 2998 posuit
828 2926 953 2999 propius
967 2940 1056 2997 quam
1068 2923 1140 2983 Por—

168 3022 264 3067 senae
285 3007 412 3067 iuerant.
446 3008 638 3081 Temperavit
658 3008 781 3081 quidem
801 3008 849 3067 ius
872 3008 1141 3080 crudelitatemque

166 3088 324 3151 victoriae.
347 3089 431 3165 quod
445 3090 547 3150 dicere
564 3090 695 3161 solebat,
712 3092 874 3163 praestitit:
897 3090 1046 3147 neminem
1061 3091 1141 3149 occi·

167 3174 210 3233 dit
230 3172 291 3232 nisi
310 3182 466 3233 armatum.
499 3174 572 3248 quid
593 3190 666 3246 ergo
688 3181 755 3231 esti
781 3174 872 3231 ceteri
888 3187 970 3229 arma
987 3172 1140 3229 cruentius

167 3264 385 3328 exercuerunt,
409 3257 507 3317 satiati
522 3265 620 3317 tamen
634 3255 798 3329 aliquando
809 3256 997 3323 abiecerunt,
1017 3252 1067 3309 bio
1078 3253 1140 3324 gla-

167 3339 250 3398 dium
267 3337 326 3397 cito
339 3338 489 3412 condidit,
511 3355 674 3412 numquam
692 3338 803 3411 posuit.
838 3337 978 3409 Ingratus
990 3335 1168 3400 Antoniuso

166 3423 195 3480 in
212 3422 391 3481 dictatorem
406 3439 510 3495 suum,
532 3438 622 3496 quem
638 3423 703 3481 iure
717 3423 840 3479 caesum
857 3417 1069 3493 pronuntiavit.
1094 3416 1138 3475 in-

166 3506 346 3564 terfectores
362 3505 429 3564 eius
444 3509 472 3563 in
492 3506 663 3580 provincias
680 3513 709 3564 et
723 3503 850 3576 imperia
865 3502 990 3573 dimisit,
1014 3500 1139 3574 patriam

167 3603 242 3647 vero
267 3588 561 3661 proscriptionibus,
594 3587 832 3658 incursionibus,
867 3586 953 3644 bellis
978 3585 1138 3642 laceratam

169 3677 239 3744 post
258 3676 304 3736 tot
323 3672 402 3730 mala
417 3670 580 3731 destinavit
594 3686 632 3729 ue
649 3670 793 3730 Romanis
809 3670 931 3744 quidem
946 3666 1084 3741 regibus:
1108 3673 1140 3726 ut

936 3750 975 3814 7*
