<?xml version="1.0" encoding="UTF-8"?>
<!DOCTYPE html PUBLIC "-//W3C//DTD XHTML 1.0 Transitional//EN"
    "http://www.w3.org/TR/xhtml1/DTD/xhtml1-transitional.dtd">
<html xmlns="http://www.w3.org/1999/xhtml" xml:lang="en" lang="en">
 <head>
  <title>
</title>
<meta http-equiv="Content-Type" content="text/html;charset=utf-8" />
  <meta name='ocr-system' content='tesseract 3.04.00' />
  <meta name='ocr-capabilities' content='ocr_page ocr_carea ocr_par ocr_line ocrx_word'/>
</head>
<body>
  <div class='ocr_page' id='page_1' title='image "./lannaeisenecaeo07senegoog_0170.png"; bbox 0 0 2942 4384; ppageno 0'>
   <div class='ocr_carea' id='block_1_1' title="bbox 264 452 945 521">
    <p class='ocr_par' dir='ltr' id='par_1_1' title="bbox 264 452 945 521">
     <span class='ocr_line' id='line_1_1' title="bbox 264 452 945 521; baseline -0.013 0"><span class='ocrx_word' id='word_1_1' title='bbox 264 457 324 521; x_wconf 81' lang='lat'>158</span> <span class='ocrx_word' id='word_1_2' title='bbox 545 452 578 515; x_wconf 87' lang='lat' dir='ltr'>L.</span> <span class='ocrx_word' id='word_1_3' title='bbox 601 454 748 514; x_wconf 81' lang='lat' dir='ltr'>ANNAEI</span> <span class='ocrx_word' id='word_1_4' title='bbox 771 453 945 514; x_wconf 82' lang='lat' dir='ltr'>SENECAE</span> 
     </span>
    </p>
   </div>
   <div class='ocr_carea' id='block_1_2' title="bbox 212 599 1236 3677">
    <p class='ocr_par' dir='ltr' id='par_1_2' title="bbox 234 599 1236 1595">
     <span class='ocr_line' id='line_1_2' title="bbox 264 599 1236 682; baseline -0.006 -12"><span class='ocrx_word' id='word_1_5' title='bbox 264 607 393 670; x_wconf 81' lang='lat' dir='ltr'>subinde</span> <span class='ocrx_word' id='word_1_6' title='bbox 408 607 571 682; x_wconf 82' lang='lat' dir='ltr'>inpleatur,</span> <span class='ocrx_word' id='word_1_7' title='bbox 588 605 726 664; x_wconf 89' lang='lat' dir='ltr'>larcirem</span> <span class='ocrx_word' id='word_1_8' title='bbox 741 608 771 662; x_wconf 89' lang='lat' dir='ltr'>et</span> <span class='ocrx_word' id='word_1_9' title='bbox 782 602 913 661; x_wconf 82' lang='lat' dir='ltr'>viverem</span> <span class='ocrx_word' id='word_1_10' title='bbox 926 599 1009 676; x_wconf 75' lang='lat' dir='ltr'>aegri</span> <span class='ocrx_word' id='word_1_11' title='bbox 1021 600 1184 664; x_wconf 70' lang='lat' dir='ltr'>minister?</span> <span class='ocrx_word' id='word_1_12' title='bbox 1206 613 1236 665; x_wconf 90' lang='lat' dir='ltr'>ut</span> 
     </span>
     <span class='ocr_line' id='line_1_3' title="bbox 264 686 1235 763; baseline -0.003 -12"><span class='ocrx_word' id='word_1_13' title='bbox 264 699 390 752; x_wconf 89' lang='lat' dir='ltr'>mortem</span> <span class='ocrx_word' id='word_1_14' title='bbox 404 692 553 762; x_wconf 78' lang='lat' dir='ltr'>timerem,</span> <span class='ocrx_word' id='word_1_15' title='bbox 567 687 615 749; x_wconf 87' lang='lat' dir='ltr'>eui</span> <span class='ocrx_word' id='word_1_16' title='bbox 628 687 678 747; x_wconf 92' lang='lat' dir='ltr'>uni</span> <span class='ocrx_word' id='word_1_17' title='bbox 690 687 820 763; x_wconf 88' lang='lat' dir='ltr'>[omnes]</span> <span class='ocrx_word' id='word_1_18' title='bbox 833 686 1007 745; x_wconf 70' lang='lat' dir='ltr'>nascimur?</span> <span class='ocrx_word' id='word_1_19' title='bbox 1032 686 1170 747; x_wconf 77' lang='lat' dir='ltr'>Detrahe</span> <span class='ocrx_word' id='word_1_20' title='bbox 1181 688 1235 748; x_wconf 88' lang='lat' dir='ltr'>hoc</span> 
     </span>
     <span class='ocr_line' id='line_1_4' title="bbox 265 765 1236 845; baseline -0.006 -10"><span class='ocrx_word' id='word_1_21' title='bbox 265 774 481 835; x_wconf 72' lang='lat' dir='ltr'>inaestimabile</span> <span class='ocrx_word' id='word_1_22' title='bbox 500 773 627 845; x_wconf 91' lang='lat' dir='ltr'>bonum,</span> <span class='ocrx_word' id='word_1_23' title='bbox 656 786 716 829; x_wconf 91' lang='lat' dir='ltr'>non</span> <span class='ocrx_word' id='word_1_24' title='bbox 737 778 784 829; x_wconf 91' lang='lat' dir='ltr'>est</span> <span class='ocrx_word' id='word_1_25' title='bbox 803 770 865 829; x_wconf 91' lang='lat' dir='ltr'>vita</span> <span class='ocrx_word' id='word_1_26' title='bbox 882 769 971 840; x_wconf 90' lang='lat' dir='ltr'>tanti,</span> <span class='ocrx_word' id='word_1_27' title='bbox 1000 776 1033 829; x_wconf 88' lang='lat' dir='ltr'>ut</span> <span class='ocrx_word' id='word_1_28' title='bbox 1053 765 1181 842; x_wconf 89' lang='lat' dir='ltr'>sudem,</span> <span class='ocrx_word' id='word_1_29' title='bbox 1206 777 1236 831; x_wconf 90' lang='lat' dir='ltr'>ut</span> 
     </span>
     <span class='ocr_line' id='line_1_5' title="bbox 234 851 1236 930; baseline -0.006 -11"><span class='ocrx_word' id='word_1_30' title='bbox 234 867 407 919; x_wconf 74' lang='lat' dir='ltr'>saestnem.</span> <span class='ocrx_word' id='word_1_31' title='bbox 445 854 468 914; x_wconf 91' lang='lat'>0</span> <span class='ocrx_word' id='word_1_32' title='bbox 487 871 577 930; x_wconf 91' lang='lat' dir='ltr'>quam</span> <span class='ocrx_word' id='word_1_33' title='bbox 597 869 648 913; x_wconf 91' lang='lat' dir='ltr'>res</span> <span class='ocrx_word' id='word_1_34' title='bbox 669 859 716 912; x_wconf 90' lang='lat' dir='ltr'>est</span> <span class='ocrx_word' id='word_1_35' title='bbox 737 859 910 926; x_wconf 86' lang='lat' dir='ltr'>contempta</span> <span class='ocrx_word' id='word_1_36' title='bbox 928 851 1035 924; x_wconf 79' lang='lat' dir='ltr'>bonta,</span> <span class='ocrx_word' id='word_1_37' title='bbox 1062 852 1122 912; x_wconf 89' lang='lat' dir='ltr'>nisi</span> <span class='ocrx_word' id='word_1_38' title='bbox 1144 870 1236 928; x_wconf 89' lang='lat' dir='ltr'>supra</span> 
     </span>
     <span class='ocr_line' id='line_1_6' title="bbox 265 935 1234 1018; baseline -0.005 -18"><span class='ocrx_word' id='word_1_39' title='bbox 265 942 394 1018; x_wconf 87' lang='lat' dir='ltr'>humana</span> <span class='ocrx_word' id='word_1_40' title='bbox 406 939 584 998; x_wconf 80' lang='lat' dir='ltr'>surrexerit!</span> <span class='ocrx_word' id='word_1_41' title='bbox 600 937 745 1011; x_wconf 85' lang='lat' dir='ltr'>quamdiu</span> <span class='ocrx_word' id='word_1_42' title='bbox 756 952 825 995; x_wconf 92' lang='lat' dir='ltr'>cum</span> <span class='ocrx_word' id='word_1_43' title='bbox 836 935 1006 996; x_wconf 74' lang='lat' dir='ltr'>adfectibus</span> <span class='ocrx_word' id='word_1_44' title='bbox 1017 937 1234 1009; x_wconf 85' lang='lat' dir='ltr'>conluctamur,</span> 
     </span>
     <span class='ocr_line' id='line_1_7' title="bbox 265 1020 1234 1100; baseline -0.004 -17"><span class='ocrx_word' id='word_1_45' title='bbox 265 1023 337 1100; x_wconf 92' lang='lat' dir='ltr'>quid</span> <span class='ocrx_word' id='word_1_46' title='bbox 352 1021 503 1097; x_wconf 79' lang='lat' dir='ltr'>magnilici</span> <span class='ocrx_word' id='word_1_47' title='bbox 518 1020 666 1080; x_wconf 83' lang='lat' dir='ltr'>lacimust</span> <span class='ocrx_word' id='word_1_48' title='bbox 687 1027 717 1078; x_wconf 89' lang='lat' dir='ltr'>et</span> <span class='ocrx_word' id='word_1_49' title='bbox 731 1020 758 1079; x_wconf 93' lang='lat' dir='ltr'>si</span> <span class='ocrx_word' id='word_1_50' title='bbox 771 1020 946 1094; x_wconf 87' lang='lat' dir='ltr'>superiores</span> <span class='ocrx_word' id='word_1_51' title='bbox 958 1033 1080 1093; x_wconf 91' lang='lat' dir='ltr'>sumus,</span> <span class='ocrx_word' id='word_1_52' title='bbox 1096 1028 1234 1093; x_wconf 83' lang='lat' dir='ltr'>portenta</span> 
     </span>
     <span class='ocr_line' id='line_1_8' title="bbox 264 1103 1234 1178; baseline -0.003 -13"><span class='ocrx_word' id='word_1_53' title='bbox 264 1106 422 1165; x_wconf 89' lang='lat' dir='ltr'>vincimus.</span> <span class='ocrx_word' id='word_1_54' title='bbox 457 1104 533 1176; x_wconf 83' lang='lat' dir='ltr'>Quid</span> <span class='ocrx_word' id='word_1_55' title='bbox 550 1111 610 1176; x_wconf 90' lang='lat' dir='ltr'>est,</span> <span class='ocrx_word' id='word_1_56' title='bbox 636 1120 689 1162; x_wconf 92' lang='lat' dir='ltr'>cur</span> <span class='ocrx_word' id='word_1_57' title='bbox 704 1103 909 1176; x_wconf 91' lang='lat' dir='ltr'>suspiciamus</span> <span class='ocrx_word' id='word_1_58' title='bbox 924 1103 1148 1177; x_wconf 80' lang='lat' dir='ltr'>nosmetipsoS,</span> <span class='ocrx_word' id='word_1_59' title='bbox 1167 1105 1234 1178; x_wconf 85' lang='lat' dir='ltr'>quia</span> 
     </span>
     <span class='ocr_line' id='line_1_9' title="bbox 265 1185 1233 1262; baseline -0.003 -14"><span class='ocrx_word' id='word_1_60' title='bbox 265 1190 428 1248; x_wconf 75' lang='lat' dir='ltr'>dissimiles</span> <span class='ocrx_word' id='word_1_61' title='bbox 451 1188 620 1247; x_wconf 88' lang='lat' dir='ltr'>deterrimis</span> <span class='ocrx_word' id='word_1_62' title='bbox 635 1192 763 1245; x_wconf 73' lang='lat' dir='ltr'>sumus?</span> <span class='ocrx_word' id='word_1_63' title='bbox 784 1202 843 1244; x_wconf 92' lang='lat' dir='ltr'>non</span> <span class='ocrx_word' id='word_1_64' title='bbox 859 1185 965 1259; x_wconf 89' lang='lat' dir='ltr'>video,</span> <span class='ocrx_word' id='word_1_65' title='bbox 987 1201 1082 1260; x_wconf 87' lang='lat' dir='ltr'>qnare</span> <span class='ocrx_word' id='word_1_66' title='bbox 1097 1186 1157 1245; x_wconf 93' lang='lat' dir='ltr'>sibi</span> <span class='ocrx_word' id='word_1_67' title='bbox 1174 1189 1233 1262; x_wconf 91' lang='lat' dir='ltr'>pla·</span> 
     </span>
     <span class='ocr_line' id='line_1_10' title="bbox 235 1268 1235 1346; baseline 0.001 -17"><span class='ocrx_word' id='word_1_68' title='bbox 235 1275 333 1331; x_wconf 78' lang='lat' dir='ltr'>occat</span> <span class='ocrx_word' id='word_1_69' title='bbox 354 1273 405 1346; x_wconf 85' lang='lat' dir='ltr'>qui</span> <span class='ocrx_word' id='word_1_70' title='bbox 426 1270 580 1331; x_wconf 87' lang='lat' dir='ltr'>robustior</span> <span class='ocrx_word' id='word_1_71' title='bbox 600 1278 647 1330; x_wconf 92' lang='lat' dir='ltr'>est</span> <span class='ocrx_word' id='word_1_72' title='bbox 669 1269 697 1327; x_wconf 95' lang='lat' dir='ltr'>in</span> <span class='ocrx_word' id='word_1_73' title='bbox 714 1268 933 1328; x_wconf 86' lang='lat' dir='ltr'>valitudinario.</span> <span class='ocrx_word' id='word_1_74' title='bbox 967 1268 1095 1327; x_wconf 89' lang='lat' dir='ltr'>Multum</span> <span class='ocrx_word' id='word_1_75' title='bbox 1109 1269 1235 1330; x_wconf 88' lang='lat' dir='ltr'>interest</span> 
     </span>
     <span class='ocr_line' id='line_1_11' title="bbox 265 1351 1233 1425; baseline -0.005 -10"><span class='ocrx_word' id='word_1_76' title='bbox 265 1355 342 1415; x_wconf 89' lang='lat' dir='ltr'>inter</span> <span class='ocrx_word' id='word_1_77' title='bbox 364 1354 443 1415; x_wconf 91' lang='lat' dir='ltr'>vires</span> <span class='ocrx_word' id='word_1_78' title='bbox 459 1361 489 1413; x_wconf 90' lang='lat' dir='ltr'>et</span> <span class='ocrx_word' id='word_1_79' title='bbox 508 1354 618 1412; x_wconf 89' lang='lat' dir='ltr'>bonam</span> <span class='ocrx_word' id='word_1_80' title='bbox 642 1351 846 1412; x_wconf 86' lang='lat' dir='ltr'>valitudinem.</span> <span class='ocrx_word' id='word_1_81' title='bbox 880 1351 1019 1425; x_wconf 85' lang='lat' dir='ltr'>Effugisti</span> <span class='ocrx_word' id='word_1_82' title='bbox 1041 1352 1113 1411; x_wconf 71' lang='lat' dir='ltr'>aritia</span> <span class='ocrx_word' id='word_1_83' title='bbox 1134 1352 1233 1425; x_wconf 89' lang='lat' dir='ltr'>animi,</span> 
     </span>
     <span class='ocr_line' id='line_1_12' title="bbox 265 1434 1232 1499; baseline -0.004 -1"><span class='ocrx_word' id='word_1_84' title='bbox 265 1455 324 1498; x_wconf 96' lang='lat' dir='ltr'>non</span> <span class='ocrx_word' id='word_1_85' title='bbox 346 1446 392 1497; x_wconf 89' lang='lat' dir='ltr'>est</span> <span class='ocrx_word' id='word_1_86' title='bbox 411 1438 463 1499; x_wconf 92' lang='lat' dir='ltr'>tibi</span> <span class='ocrx_word' id='word_1_87' title='bbox 483 1438 567 1496; x_wconf 81' lang='lat' dir='ltr'>frons</span> <span class='ocrx_word' id='word_1_88' title='bbox 589 1436 659 1495; x_wconf 85' lang='lat' dir='ltr'>licta</span> <span class='ocrx_word' id='word_1_89' title='bbox 673 1451 729 1493; x_wconf 90' lang='lat' dir='ltr'>nec</span> <span class='ocrx_word' id='word_1_90' title='bbox 743 1436 773 1494; x_wconf 93' lang='lat' dir='ltr'>in</span> <span class='ocrx_word' id='word_1_91' title='bbox 790 1434 918 1494; x_wconf 90' lang='lat' dir='ltr'>alienam</span> <span class='ocrx_word' id='word_1_92' title='bbox 934 1435 1118 1495; x_wconf 88' lang='lat' dir='ltr'>voluntatem</span> <span class='ocrx_word' id='word_1_93' title='bbox 1134 1450 1232 1494; x_wconf 90' lang='lat' dir='ltr'>sermo</span> 
     </span>
     <span class='ocr_line' id='line_1_13' title="bbox 266 1518 1233 1595; baseline -0.003 -14"><span class='ocrx_word' id='word_1_94' title='bbox 266 1522 443 1595; x_wconf 85' lang='lat' dir='ltr'>conpositus</span> <span class='ocrx_word' id='word_1_95' title='bbox 465 1535 520 1579; x_wconf 90' lang='lat' dir='ltr'>nec</span> <span class='ocrx_word' id='word_1_96' title='bbox 543 1536 596 1579; x_wconf 90' lang='lat' dir='ltr'>cor</span> <span class='ocrx_word' id='word_1_97' title='bbox 615 1518 783 1579; x_wconf 91' lang='lat' dir='ltr'>involutum</span> <span class='ocrx_word' id='word_1_98' title='bbox 803 1534 859 1577; x_wconf 90' lang='lat' dir='ltr'>nec</span> <span class='ocrx_word' id='word_1_99' title='bbox 880 1518 1021 1593; x_wconf 90' lang='lat' dir='ltr'>avaritia,</span> <span class='ocrx_word' id='word_1_100' title='bbox 1050 1533 1131 1593; x_wconf 90' lang='lat' dir='ltr'>quae</span> <span class='ocrx_word' id='word_1_101' title='bbox 1152 1519 1233 1594; x_wconf 89' lang='lat' dir='ltr'>quic·</span> 
     </span>
    </p>

    <p class='ocr_par' dir='ltr' id='par_1_3' title="bbox 212 1600 1233 1925">
     <span class='ocr_line' id='line_1_14' title="bbox 212 1600 1233 1679; baseline 0.003 -21"><span class='ocrx_word' id='word_1_102' title='bbox 212 1651 215 1658; x_wconf 79' lang='grc'>,</span> <span class='ocrx_word' id='word_1_103' title='bbox 267 1604 338 1679; x_wconf 90' lang='lat' dir='ltr'>quid</span> <span class='ocrx_word' id='word_1_104' title='bbox 360 1604 500 1663; x_wconf 90' lang='lat' dir='ltr'>omnibus</span> <span class='ocrx_word' id='word_1_105' title='bbox 522 1603 657 1672; x_wconf 88' lang='lat' dir='ltr'>abstulit,</span> <span class='ocrx_word' id='word_1_106' title='bbox 679 1602 738 1661; x_wconf 93' lang='lat' dir='ltr'>sibi</span> <span class='ocrx_word' id='word_1_107' title='bbox 759 1602 818 1676; x_wconf 91' lang='lat' dir='ltr'>ipsi</span> <span class='ocrx_word' id='word_1_108' title='bbox 841 1608 944 1675; x_wconf 82' lang='lat' dir='ltr'>neget,</span> <span class='ocrx_word' id='word_1_109' title='bbox 965 1616 1022 1660; x_wconf 89' lang='lat' dir='ltr'>nee</span> <span class='ocrx_word' id='word_1_110' title='bbox 1044 1600 1166 1661; x_wconf 88' lang='lat' dir='ltr'>luxuria</span> <span class='ocrx_word' id='word_1_111' title='bbox 1184 1617 1233 1676; x_wconf 84' lang='lat' dir='ltr'>pe</span> 
     </span>
     <span class='ocr_line' id='line_1_15' title="bbox 266 1685 1233 1759; baseline -0.001 -14"><span class='ocrx_word' id='word_1_112' title='bbox 266 1687 384 1746; x_wconf 90' lang='lat' dir='ltr'>cuniam</span> <span class='ocrx_word' id='word_1_113' title='bbox 398 1687 524 1759; x_wconf 85' lang='lat' dir='ltr'>turpiter</span> <span class='ocrx_word' id='word_1_114' title='bbox 542 1685 689 1759; x_wconf 86' lang='lat' dir='ltr'>perdens,</span> <span class='ocrx_word' id='word_1_115' title='bbox 712 1702 802 1759; x_wconf 92' lang='lat' dir='ltr'>quam</span> <span class='ocrx_word' id='word_1_116' title='bbox 818 1685 936 1759; x_wconf 90' lang='lat' dir='ltr'>turpius</span> <span class='ocrx_word' id='word_1_117' title='bbox 949 1691 1083 1759; x_wconf 88' lang='lat' dir='ltr'>reparet,</span> <span class='ocrx_word' id='word_1_118' title='bbox 1098 1701 1162 1744; x_wconf 93' lang='lat' dir='ltr'>non</span> <span class='ocrx_word' id='word_1_119' title='bbox 1174 1702 1233 1744; x_wconf 92' lang='lat' dir='ltr'>am·</span> 
     </span>
     <span class='ocr_line' id='line_1_16' title="bbox 265 1767 1232 1843; baseline -0.005 -15"><span class='ocrx_word' id='word_1_120' title='bbox 265 1770 352 1842; x_wconf 90' lang='lat' dir='ltr'>bitio,</span> <span class='ocrx_word' id='word_1_121' title='bbox 379 1784 457 1843; x_wconf 91' lang='lat' dir='ltr'>quae</span> <span class='ocrx_word' id='word_1_122' title='bbox 477 1775 506 1827; x_wconf 91' lang='lat' dir='ltr'>te</span> <span class='ocrx_word' id='word_1_123' title='bbox 528 1769 566 1827; x_wconf 91' lang='lat' dir='ltr'>ad</span> <span class='ocrx_word' id='word_1_124' title='bbox 582 1767 757 1842; x_wconf 83' lang='lat' dir='ltr'>dignitatem</span> <span class='ocrx_word' id='word_1_125' title='bbox 772 1769 829 1828; x_wconf 91' lang='lat' dir='ltr'>nisi</span> <span class='ocrx_word' id='word_1_126' title='bbox 845 1768 1035 1843; x_wconf 82' lang='lat' dir='ltr'>perindigne</span> <span class='ocrx_word' id='word_1_127' title='bbox 1050 1785 1111 1828; x_wconf 94' lang='lat' dir='ltr'>non</span> <span class='ocrx_word' id='word_1_128' title='bbox 1129 1769 1232 1829; x_wconf 84' lang='lat' dir='ltr'>ducet:</span> 
     </span>
     <span class='ocr_line' id='line_1_17' title="bbox 265 1851 1233 1925; baseline -0.002 -14"><span class='ocrx_word' id='word_1_129' title='bbox 265 1852 338 1911; x_wconf 88' lang='lat' dir='ltr'>nihil</span> <span class='ocrx_word' id='word_1_130' title='bbox 359 1851 458 1910; x_wconf 87' lang='lat' dir='ltr'>adhue</span> <span class='ocrx_word' id='word_1_131' title='bbox 481 1857 664 1911; x_wconf 86' lang='lat' dir='ltr'>consecutus</span> <span class='ocrx_word' id='word_1_132' title='bbox 686 1867 735 1922; x_wconf 87' lang='lat' dir='ltr'>es,</span> <span class='ocrx_word' id='word_1_133' title='bbox 759 1854 850 1911; x_wconf 89' lang='lat' dir='ltr'>multa</span> <span class='ocrx_word' id='word_1_134' title='bbox 865 1851 1019 1925; x_wconf 82' lang='lat' dir='ltr'>effugisti,</span> <span class='ocrx_word' id='word_1_135' title='bbox 1038 1860 1069 1911; x_wconf 90' lang='lat' dir='ltr'>te</span> <span class='ocrx_word' id='word_1_136' title='bbox 1090 1853 1233 1912; x_wconf 92' lang='lat' dir='ltr'>nondum.</span> 
     </span>
    </p>

    <p class='ocr_par' dir='ltr' id='par_1_4' title="bbox 212 1934 1234 3677">
     <span class='ocr_line' id='line_1_18' title="bbox 212 1934 1233 2010; baseline 0.001 -17"><span class='ocrx_word' id='word_1_137' title='bbox 212 1955 215 1961; x_wconf 90' lang='lat'>·</span> <span class='ocrx_word' id='word_1_138' title='bbox 264 1936 359 1995; x_wconf 89' lang='lat' dir='ltr'>virtus</span> <span class='ocrx_word' id='word_1_139' title='bbox 381 1934 460 1995; x_wconf 91' lang='lat' dir='ltr'>enim</span> <span class='ocrx_word' id='word_1_140' title='bbox 481 1936 552 2005; x_wconf 86' lang='lat' dir='ltr'>ista,</span> <span class='ocrx_word' id='word_1_141' title='bbox 577 1950 666 2010; x_wconf 87' lang='lat' dir='ltr'>quam</span> <span class='ocrx_word' id='word_1_142' title='bbox 688 1935 892 2008; x_wconf 79' lang='lat' dir='ltr'>adfectamus,</span> <span class='ocrx_word' id='word_1_143' title='bbox 915 1936 1076 2009; x_wconf 81' lang='lat' dir='ltr'>magnilica</span> <span class='ocrx_word' id='word_1_144' title='bbox 1090 1942 1153 2009; x_wconf 91' lang='lat' dir='ltr'>est,</span> <span class='ocrx_word' id='word_1_145' title='bbox 1175 1952 1233 1996; x_wconf 93' lang='lat' dir='ltr'>non</span> 
     </span>
     <span class='ocr_line' id='line_1_19' title="bbox 266 2018 1233 2094; baseline 0 -17"><span class='ocrx_word' id='word_1_146' title='bbox 266 2020 337 2094; x_wconf 91' lang='lat' dir='ltr'>quia</span> <span class='ocrx_word' id='word_1_147' title='bbox 358 2035 412 2094; x_wconf 89' lang='lat' dir='ltr'>per</span> <span class='ocrx_word' id='word_1_148' title='bbox 431 2034 466 2077; x_wconf 90' lang='lat' dir='ltr'>se</span> <span class='ocrx_word' id='word_1_149' title='bbox 481 2020 601 2078; x_wconf 89' lang='lat' dir='ltr'>beatum</span> <span class='ocrx_word' id='word_1_150' title='bbox 618 2025 665 2077; x_wconf 90' lang='lat' dir='ltr'>est</span> <span class='ocrx_word' id='word_1_151' title='bbox 678 2021 758 2077; x_wconf 85' lang='lat' dir='ltr'>malo</span> <span class='ocrx_word' id='word_1_152' title='bbox 773 2018 923 2089; x_wconf 87' lang='lat' dir='ltr'>caruisse,</span> <span class='ocrx_word' id='word_1_153' title='bbox 945 2019 1000 2078; x_wconf 92' lang='lat' dir='ltr'>sed</span> <span class='ocrx_word' id='word_1_154' title='bbox 1017 2018 1089 2094; x_wconf 87' lang='lat' dir='ltr'>quia</span> <span class='ocrx_word' id='word_1_155' title='bbox 1103 2020 1233 2079; x_wconf 89' lang='lat' dir='ltr'>animum</span> 
     </span>
     <span class='ocr_line' id='line_1_20' title="bbox 265 2102 1234 2178; baseline 0 -16"><span class='ocrx_word' id='word_1_156' title='bbox 265 2105 347 2163; x_wconf 87' lang='lat' dir='ltr'>laxat</span> <span class='ocrx_word' id='word_1_157' title='bbox 360 2118 395 2162; x_wconf 88' lang='lat' dir='ltr'>ac</span> <span class='ocrx_word' id='word_1_158' title='bbox 411 2110 573 2176; x_wconf 86' lang='lat' dir='ltr'>praeparat</span> <span class='ocrx_word' id='word_1_159' title='bbox 587 2102 627 2160; x_wconf 88' lang='lat' dir='ltr'>ad</span> <span class='ocrx_word' id='word_1_160' title='bbox 643 2102 843 2175; x_wconf 87' lang='lat' dir='ltr'>cognitionem</span> <span class='ocrx_word' id='word_1_161' title='bbox 859 2103 1034 2161; x_wconf 89' lang='lat' dir='ltr'>coelestium</span> <span class='ocrx_word' id='word_1_162' title='bbox 1047 2102 1234 2178; x_wconf 80' lang='lat' dir='ltr'>dignumque</span> 
     </span>
     <span class='ocr_line' id='line_1_21' title="bbox 237 2184 1233 2261; baseline -0.001 -16"><span class='ocrx_word' id='word_1_163' title='bbox 237 2187 370 2259; x_wconf 80' lang='lat' dir='ltr'>telficit,</span> <span class='ocrx_word' id='word_1_164' title='bbox 396 2184 491 2261; x_wconf 89' lang='lat' dir='ltr'>quiin</span> <span class='ocrx_word' id='word_1_165' title='bbox 507 2185 692 2244; x_wconf 83' lang='lat' dir='ltr'>consortium</span> <span class='ocrx_word' id='word_1_166' title='bbox 708 2185 835 2245; x_wconf 89' lang='lat' dir='ltr'>deorum</span> <span class='ocrx_word' id='word_1_167' title='bbox 850 2186 958 2245; x_wconf 86' lang='lat' dir='ltr'>veniat.</span> <span class='ocrx_word' id='word_1_168' title='bbox 995 2185 1079 2244; x_wconf 87' lang='lat' dir='ltr'>Tunc</span> <span class='ocrx_word' id='word_1_169' title='bbox 1093 2202 1233 2246; x_wconf 89' lang='lat' dir='ltr'>consum·</span> 
     </span>
     <span class='ocr_line' id='line_1_22' title="bbox 265 2267 1232 2342; baseline 0.001 -16"><span class='ocrx_word' id='word_1_170' title='bbox 265 2277 375 2327; x_wconf 87' lang='lat' dir='ltr'>matum</span> <span class='ocrx_word' id='word_1_171' title='bbox 388 2268 479 2326; x_wconf 90' lang='lat' dir='ltr'>habet</span> <span class='ocrx_word' id='word_1_172' title='bbox 491 2268 674 2342; x_wconf 86' lang='lat' dir='ltr'>plenumque</span> <span class='ocrx_word' id='word_1_173' title='bbox 685 2267 797 2327; x_wconf 85' lang='lat' dir='ltr'>bonum</span> <span class='ocrx_word' id='word_1_174' title='bbox 810 2269 901 2329; x_wconf 89' lang='lat' dir='ltr'>sortis</span> <span class='ocrx_word' id='word_1_175' title='bbox 913 2269 1079 2341; x_wconf 89' lang='lat' dir='ltr'>humanae,</span> <span class='ocrx_word' id='word_1_176' title='bbox 1094 2284 1165 2329; x_wconf 88' lang='lat' dir='ltr'>eum</span> <span class='ocrx_word' id='word_1_177' title='bbox 1176 2270 1232 2329; x_wconf 92' lang='lat' dir='ltr'>cal·</span> 
     </span>
     <span class='ocr_line' id='line_1_23' title="bbox 265 2350 1233 2425; baseline 0.003 -18"><span class='ocrx_word' id='word_1_178' title='bbox 265 2359 332 2409; x_wconf 82' lang='lat' dir='ltr'>caco</span> <span class='ocrx_word' id='word_1_179' title='bbox 348 2351 427 2409; x_wconf 91' lang='lat' dir='ltr'>omni</span> <span class='ocrx_word' id='word_1_180' title='bbox 443 2352 521 2409; x_wconf 89' lang='lat' dir='ltr'>malo</span> <span class='ocrx_word' id='word_1_181' title='bbox 539 2350 612 2425; x_wconf 88' lang='lat' dir='ltr'>petit</span> <span class='ocrx_word' id='word_1_182' title='bbox 627 2354 717 2410; x_wconf 89' lang='lat' dir='ltr'>altum</span> <span class='ocrx_word' id='word_1_183' title='bbox 731 2360 761 2411; x_wconf 89' lang='lat' dir='ltr'>et</span> <span class='ocrx_word' id='word_1_184' title='bbox 774 2353 803 2411; x_wconf 91' lang='lat' dir='ltr'>in</span> <span class='ocrx_word' id='word_1_185' title='bbox 816 2353 986 2412; x_wconf 89' lang='lat' dir='ltr'>interiorem</span> <span class='ocrx_word' id='word_1_186' title='bbox 998 2358 1123 2411; x_wconf 89' lang='lat' dir='ltr'>naturae</span> <span class='ocrx_word' id='word_1_187' title='bbox 1136 2354 1233 2412; x_wconf 92' lang='lat' dir='ltr'>sinum</span> 
     </span>
     <span class='ocr_line' id='line_1_24' title="bbox 264 2433 1233 2510; baseline 0.003 -20"><span class='ocrx_word' id='word_1_188' title='bbox 264 2434 355 2491; x_wconf 89' lang='lat' dir='ltr'>venit.</span> <span class='ocrx_word' id='word_1_189' title='bbox 377 2441 448 2491; x_wconf 92' lang='lat' dir='ltr'>tunc</span> <span class='ocrx_word' id='word_1_190' title='bbox 462 2435 543 2494; x_wconf 91' lang='lat' dir='ltr'>iuvat</span> <span class='ocrx_word' id='word_1_191' title='bbox 558 2435 635 2493; x_wconf 90' lang='lat' dir='ltr'>inter</span> <span class='ocrx_word' id='word_1_192' title='bbox 646 2433 715 2507; x_wconf 91' lang='lat' dir='ltr'>ipsa</span> <span class='ocrx_word' id='word_1_193' title='bbox 727 2436 831 2495; x_wconf 91' lang='lat' dir='ltr'>sidera</span> <span class='ocrx_word' id='word_1_194' title='bbox 843 2442 998 2509; x_wconf 80' lang='lat' dir='ltr'>vagantem</span> <span class='ocrx_word' id='word_1_195' title='bbox 1011 2434 1138 2495; x_wconf 86' lang='lat' dir='ltr'>divitum</span> <span class='ocrx_word' id='word_1_196' title='bbox 1153 2436 1233 2510; x_wconf 84' lang='lat' dir='ltr'>paui-</span> 
     </span>
     <span class='ocr_line' id='line_1_25' title="bbox 264 2516 1231 2590; baseline 0.003 -16"><span class='ocrx_word' id='word_1_197' title='bbox 264 2524 365 2575; x_wconf 88' lang='lat' dir='ltr'>menta</span> <span class='ocrx_word' id='word_1_198' title='bbox 379 2516 523 2576; x_wconf 67' lang='lat' dir='ltr'>ridere&#39;et</span> <span class='ocrx_word' id='word_1_199' title='bbox 537 2524 628 2578; x_wconf 89' lang='lat' dir='ltr'>totam</span> <span class='ocrx_word' id='word_1_200' title='bbox 645 2534 802 2579; x_wconf 86' lang='lat' dir='ltr'>cumauro</span> <span class='ocrx_word' id='word_1_201' title='bbox 819 2535 875 2579; x_wconf 92' lang='lat' dir='ltr'>suo</span> <span class='ocrx_word' id='word_1_202' title='bbox 890 2528 1013 2590; x_wconf 88' lang='lat' dir='ltr'>terram,</span> <span class='ocrx_word' id='word_1_203' title='bbox 1033 2535 1094 2579; x_wconf 94' lang='lat' dir='ltr'>non</span> <span class='ocrx_word' id='word_1_204' title='bbox 1107 2519 1161 2579; x_wconf 93' lang='lat' dir='ltr'>illo</span> <span class='ocrx_word' id='word_1_205' title='bbox 1172 2527 1231 2578; x_wconf 90' lang='lat' dir='ltr'>tan-</span> 
     </span>
     <span class='ocr_line' id='line_1_26' title="bbox 263 2600 1233 2676; baseline 0 -16"><span class='ocrx_word' id='word_1_206' title='bbox 263 2609 325 2660; x_wconf 91' lang='lat' dir='ltr'>tum</span> <span class='ocrx_word' id='word_1_207' title='bbox 342 2601 425 2672; x_wconf 87' lang='lat' dir='ltr'>dico,</span> <span class='ocrx_word' id='word_1_208' title='bbox 444 2602 526 2675; x_wconf 87' lang='lat' dir='ltr'>quod</span> <span class='ocrx_word' id='word_1_209' title='bbox 542 2600 655 2676; x_wconf 82' lang='lat' dir='ltr'>egessit</span> <span class='ocrx_word' id='word_1_210' title='bbox 669 2608 699 2661; x_wconf 90' lang='lat' dir='ltr'>et</span> <span class='ocrx_word' id='word_1_211' title='bbox 713 2601 894 2676; x_wconf 81' lang='lat' dir='ltr'>signandum</span> <span class='ocrx_word' id='word_1_212' title='bbox 910 2607 1048 2662; x_wconf 88' lang='lat' dir='ltr'>monetae</span> <span class='ocrx_word' id='word_1_213' title='bbox 1063 2602 1164 2675; x_wconf 89' lang='lat' dir='ltr'>dedit,</span> <span class='ocrx_word' id='word_1_214' title='bbox 1180 2601 1233 2663; x_wconf 93' lang='lat' dir='ltr'>sed</span> 
     </span>
     <span class='ocr_line' id='line_1_27' title="bbox 263 2684 1232 2760; baseline 0.001 -18"><span class='ocrx_word' id='word_1_215' title='bbox 263 2691 292 2742; x_wconf 89' lang='lat' dir='ltr'>el</span> <span class='ocrx_word' id='word_1_216' title='bbox 307 2685 373 2757; x_wconf 92' lang='lat' dir='ltr'>illo,</span> <span class='ocrx_word' id='word_1_217' title='bbox 395 2685 479 2758; x_wconf 87' lang='lat' dir='ltr'>quod</span> <span class='ocrx_word' id='word_1_218' title='bbox 493 2684 522 2743; x_wconf 92' lang='lat' dir='ltr'>in</span> <span class='ocrx_word' id='word_1_219' title='bbox 539 2686 657 2745; x_wconf 89' lang='lat' dir='ltr'>occulto</span> <span class='ocrx_word' id='word_1_220' title='bbox 674 2693 777 2745; x_wconf 86' lang='lat' dir='ltr'>servat</span> <span class='ocrx_word' id='word_1_221' title='bbox 793 2695 981 2760; x_wconf 89' lang='lat' dir='ltr'>posterorum</span> <span class='ocrx_word' id='word_1_222' title='bbox 996 2686 1152 2746; x_wconf 87' lang='lat' dir='ltr'>avaritiae.</span> <span class='ocrx_word' id='word_1_223' title='bbox 1175 2701 1232 2745; x_wconf 89' lang='lat' dir='ltr'>non</span> 
     </span>
     <span class='ocr_line' id='line_1_28' title="bbox 262 2768 1231 2842; baseline 0.002 -16"><span class='ocrx_word' id='word_1_224' title='bbox 262 2775 363 2841; x_wconf 89' lang='lat' dir='ltr'>potest</span> <span class='ocrx_word' id='word_1_225' title='bbox 383 2775 451 2826; x_wconf 84' lang='lat' dir='ltr'>ante</span> <span class='ocrx_word' id='word_1_226' title='bbox 472 2776 664 2827; x_wconf 89' lang='lat' dir='ltr'>contemnere</span> <span class='ocrx_word' id='word_1_227' title='bbox 687 2769 820 2842; x_wconf 86' lang='lat' dir='ltr'>porticus</span> <span class='ocrx_word' id='word_1_228' title='bbox 842 2778 871 2828; x_wconf 89' lang='lat' dir='ltr'>et</span> <span class='ocrx_word' id='word_1_229' title='bbox 891 2768 1043 2828; x_wconf 90' lang='lat' dir='ltr'>lacunaria</span> <span class='ocrx_word' id='word_1_230' title='bbox 1063 2769 1160 2829; x_wconf 92' lang='lat' dir='ltr'>ebore</span> <span class='ocrx_word' id='word_1_231' title='bbox 1180 2771 1231 2828; x_wconf 84' lang='lat' dir='ltr'>lul·</span> 
     </span>
     <span class='ocr_line' id='line_1_29' title="bbox 262 2850 1231 2924; baseline 0.005 -19"><span class='ocrx_word' id='word_1_232' title='bbox 262 2850 363 2921; x_wconf 82' lang='lat' dir='ltr'>gentio</span> <span class='ocrx_word' id='word_1_233' title='bbox 383 2858 413 2908; x_wconf 90' lang='lat' dir='ltr'>et</span> <span class='ocrx_word' id='word_1_234' title='bbox 437 2852 564 2909; x_wconf 90' lang='lat' dir='ltr'>tonsiles</span> <span class='ocrx_word' id='word_1_235' title='bbox 590 2851 683 2909; x_wconf 87' lang='lat' dir='ltr'>silvas</span> <span class='ocrx_word' id='word_1_236' title='bbox 708 2859 738 2911; x_wconf 91' lang='lat' dir='ltr'>et</span> <span class='ocrx_word' id='word_1_237' title='bbox 760 2854 894 2912; x_wconf 89' lang='lat' dir='ltr'>derivata</span> <span class='ocrx_word' id='word_1_238' title='bbox 915 2853 943 2911; x_wconf 94' lang='lat' dir='ltr'>in</span> <span class='ocrx_word' id='word_1_239' title='bbox 965 2852 1075 2912; x_wconf 91' lang='lat' dir='ltr'>domos</span> <span class='ocrx_word' id='word_1_240' title='bbox 1099 2851 1231 2924; x_wconf 88' lang='lat' dir='ltr'>flumina,</span> 
     </span>
     <span class='ocr_line' id='line_1_30' title="bbox 264 2932 1232 3011; baseline 0.004 -22"><span class='ocrx_word' id='word_1_241' title='bbox 264 2947 353 3003; x_wconf 88' lang='lat' dir='ltr'>quam</span> <span class='ocrx_word' id='word_1_242' title='bbox 369 2939 463 2990; x_wconf 91' lang='lat' dir='ltr'>totum</span> <span class='ocrx_word' id='word_1_243' title='bbox 478 2932 584 2992; x_wconf 89' lang='lat' dir='ltr'>circuit</span> <span class='ocrx_word' id='word_1_244' title='bbox 598 2932 758 3005; x_wconf 88' lang='lat' dir='ltr'>mundum,</span> <span class='ocrx_word' id='word_1_245' title='bbox 776 2944 806 2995; x_wconf 93' lang='lat' dir='ltr'>et</span> <span class='ocrx_word' id='word_1_246' title='bbox 823 2946 965 2997; x_wconf 89' lang='lat' dir='ltr'>terrarum</span> <span class='ocrx_word' id='word_1_247' title='bbox 981 2935 1084 2995; x_wconf 90' lang='lat' dir='ltr'>orbem</span> <span class='ocrx_word' id='word_1_248' title='bbox 1100 2950 1232 3011; x_wconf 88' lang='lat' dir='ltr'>superne</span> 
     </span>
     <span class='ocr_line' id='line_1_31' title="bbox 263 3013 1231 3093; baseline 0.008 -23"><span class='ocrx_word' id='word_1_249' title='bbox 263 3013 438 3086; x_wconf 90' lang='lat' dir='ltr'>despiciens</span> <span class='ocrx_word' id='word_1_250' title='bbox 456 3022 616 3088; x_wconf 81' lang='lat' dir='ltr'>angustum</span> <span class='ocrx_word' id='word_1_251' title='bbox 636 3024 666 3076; x_wconf 93' lang='lat' dir='ltr'>et</span> <span class='ocrx_word' id='word_1_252' title='bbox 686 3020 818 3079; x_wconf 86' lang='lat' dir='ltr'>maxima</span> <span class='ocrx_word' id='word_1_253' title='bbox 841 3036 879 3079; x_wconf 88' lang='lat' dir='ltr'>ex</span> <span class='ocrx_word' id='word_1_254' title='bbox 895 3026 980 3093; x_wconf 86' lang='lat' dir='ltr'>parte</span> <span class='ocrx_word' id='word_1_255' title='bbox 996 3027 1135 3092; x_wconf 87' lang='lat' dir='ltr'>opertum</span> <span class='ocrx_word' id='word_1_256' title='bbox 1152 3019 1231 3090; x_wconf 77' lang='lat' dir='ltr'>inan,</span> 
     </span>
     <span class='ocr_line' id='line_1_32' title="bbox 263 3096 1232 3176; baseline 0.006 -23"><span class='ocrx_word' id='word_1_257' title='bbox 263 3096 351 3155; x_wconf 88' lang='lat' dir='ltr'>etiam</span> <span class='ocrx_word' id='word_1_258' title='bbox 368 3114 428 3171; x_wconf 80' lang='lat' dir='ltr'>arra</span> <span class='ocrx_word' id='word_1_259' title='bbox 443 3105 556 3170; x_wconf 87' lang='lat' dir='ltr'>exstat,</span> <span class='ocrx_word' id='word_1_260' title='bbox 578 3100 636 3159; x_wconf 91' lang='lat' dir='ltr'>late</span> <span class='ocrx_word' id='word_1_261' title='bbox 652 3101 825 3175; x_wconf 88' lang='lat' dir='ltr'>squalidum</span> <span class='ocrx_word' id='word_1_262' title='bbox 841 3109 870 3161; x_wconf 90' lang='lat' dir='ltr'>et</span> <span class='ocrx_word' id='word_1_263' title='bbox 885 3109 937 3162; x_wconf 91' lang='lat' dir='ltr'>aut</span> <span class='ocrx_word' id='word_1_264' title='bbox 951 3109 1052 3161; x_wconf 89' lang='lat' dir='ltr'>ustum</span> <span class='ocrx_word' id='word_1_265' title='bbox 1068 3110 1119 3163; x_wconf 88' lang='lat' dir='ltr'>aut</span> <span class='ocrx_word' id='word_1_266' title='bbox 1136 3103 1232 3176; x_wconf 78' lang='lat' dir='ltr'>rigen-</span> 
     </span>
     <span class='ocr_line' id='line_1_33' title="bbox 233 3181 1233 3259; baseline 0.003 -19"><span class='ocrx_word' id='word_1_267' title='bbox 233 3186 320 3240; x_wconf 91' lang='lat' dir='ltr'>8tem</span> <span class='ocrx_word' id='word_1_268' title='bbox 344 3181 399 3239; x_wconf 91' lang='lat' dir='ltr'>sibi</span> <span class='ocrx_word' id='word_1_269' title='bbox 424 3181 491 3256; x_wconf 89' lang='lat' dir='ltr'>ipse</span> <span class='ocrx_word' id='word_1_270' title='bbox 511 3181 566 3242; x_wconf 78' lang='lat' dir='ltr'>ait:</span> <span class='ocrx_word' id='word_1_271' title='bbox 590 3183 648 3242; x_wconf 93' lang='lat' dir='ltr'>hoc</span> <span class='ocrx_word' id='word_1_272' title='bbox 669 3191 716 3243; x_wconf 91' lang='lat' dir='ltr'>est</span> <span class='ocrx_word' id='word_1_273' title='bbox 729 3184 801 3244; x_wconf 91' lang='lat' dir='ltr'>illud</span> <span class='ocrx_word' id='word_1_274' title='bbox 819 3194 978 3259; x_wconf 87' lang='lat' dir='ltr'>punctum,</span> <span class='ocrx_word' id='word_1_275' title='bbox 1000 3186 1084 3259; x_wconf 88' lang='lat' dir='ltr'>quod</span> <span class='ocrx_word' id='word_1_276' title='bbox 1099 3184 1179 3245; x_wconf 89' lang='lat' dir='ltr'>inter</span> <span class='ocrx_word' id='word_1_277' title='bbox 1193 3190 1233 3245; x_wconf 90' lang='lat' dir='ltr'>tot</span> 
     </span>
     <span class='ocr_line' id='line_1_34' title="bbox 262 3266 1231 3342; baseline 0.005 -20"><span class='ocrx_word' id='word_1_278' title='bbox 262 3271 368 3337; x_wconf 81' lang='lat' dir='ltr'>gentes</span> <span class='ocrx_word' id='word_1_279' title='bbox 385 3266 463 3324; x_wconf 87' lang='lat' dir='ltr'>lerro</span> <span class='ocrx_word' id='word_1_280' title='bbox 480 3274 508 3326; x_wconf 92' lang='lat' dir='ltr'>et</span> <span class='ocrx_word' id='word_1_281' title='bbox 523 3266 593 3340; x_wconf 79' lang='lat' dir='ltr'>igne</span> <span class='ocrx_word' id='word_1_282' title='bbox 607 3267 768 3327; x_wconf 72' lang='lat' dir='ltr'>dividitur?</span> <span class='ocrx_word' id='word_1_283' title='bbox 796 3284 814 3327; x_wconf 95' lang='lat' dir='ltr'>o</span> <span class='ocrx_word' id='word_1_284' title='bbox 830 3284 921 3342; x_wconf 87' lang='lat' dir='ltr'>quem</span> <span class='ocrx_word' id='word_1_285' title='bbox 934 3269 1053 3328; x_wconf 90' lang='lat' dir='ltr'>ridiculi</span> <span class='ocrx_word' id='word_1_286' title='bbox 1068 3276 1140 3329; x_wconf 92' lang='lat' dir='ltr'>sunt</span> <span class='ocrx_word' id='word_1_287' title='bbox 1155 3285 1231 3329; x_wconf 91' lang='lat' dir='ltr'>mor·</span> 
     </span>
     <span class='ocr_line' id='line_1_35' title="bbox 262 3347 1232 3428; baseline 0.005 -23"><span class='ocrx_word' id='word_1_288' title='bbox 262 3347 364 3406; x_wconf 87' lang='lat' dir='ltr'>talium</span> <span class='ocrx_word' id='word_1_289' title='bbox 379 3349 511 3407; x_wconf 83' lang='lat' dir='ltr'>termini!</span> <span class='ocrx_word' id='word_1_290' title='bbox 548 3350 633 3409; x_wconf 91' lang='lat' dir='ltr'>Ultra</span> <span class='ocrx_word' id='word_1_291' title='bbox 647 3350 756 3409; x_wconf 88' lang='lat' dir='ltr'>Istrum</span> <span class='ocrx_word' id='word_1_292' title='bbox 771 3353 872 3410; x_wconf 88' lang='lat' dir='ltr'>Dacus</span> <span class='ocrx_word' id='word_1_293' title='bbox 886 3368 946 3412; x_wconf 94' lang='lat' dir='ltr'>non</span> <span class='ocrx_word' id='word_1_294' title='bbox 963 3361 1061 3411; x_wconf 86' lang='lat' dir='ltr'>exeat.</span> <span class='ocrx_word' id='word_1_295' title='bbox 1096 3352 1232 3428; x_wconf 69' lang='lat' dir='ltr'>Strymon</span> 
     </span>
     <span class='ocr_line' id='line_1_36' title="bbox 261 3431 1231 3510; baseline 0.001 -21"><span class='ocrx_word' id='word_1_296' title='bbox 261 3437 290 3489; x_wconf 89' lang='lat' dir='ltr'>et</span> <span class='ocrx_word' id='word_1_297' title='bbox 308 3431 439 3490; x_wconf 82' lang='lat' dir='ltr'>Haemus</span> <span class='ocrx_word' id='word_1_298' title='bbox 458 3432 590 3491; x_wconf 87' lang='lat' dir='ltr'>Thracas</span> <span class='ocrx_word' id='word_1_299' title='bbox 614 3434 756 3492; x_wconf 87' lang='lat' dir='ltr'>includat.</span> <span class='ocrx_word' id='word_1_300' title='bbox 791 3434 908 3494; x_wconf 91' lang='lat' dir='ltr'>Parthis</span> <span class='ocrx_word' id='word_1_301' title='bbox 931 3436 1031 3495; x_wconf 86' lang='lat' dir='ltr'>obstet</span> <span class='ocrx_word' id='word_1_302' title='bbox 1049 3435 1231 3510; x_wconf 88' lang='lat' dir='ltr'>Euphrates.</span> 
     </span>
     <span class='ocr_line' id='line_1_37' title="bbox 261 3512 1230 3579; baseline 0.005 -8"><span class='ocrx_word' id='word_1_303' title='bbox 261 3512 417 3573; x_wconf 88' lang='lat' dir='ltr'>Danubius</span> <span class='ocrx_word' id='word_1_304' title='bbox 432 3514 598 3573; x_wconf 86' lang='lat' dir='ltr'>Sarmatica</span> <span class='ocrx_word' id='word_1_305' title='bbox 611 3532 647 3575; x_wconf 87' lang='lat' dir='ltr'>ae</span> <span class='ocrx_word' id='word_1_306' title='bbox 660 3518 795 3577; x_wconf 87' lang='lat' dir='ltr'>Romana</span> <span class='ocrx_word' id='word_1_307' title='bbox 807 3518 1001 3579; x_wconf 81' lang='lat' dir='ltr'>disterminet</span> <span class='ocrx_word' id='word_1_308' title='bbox 1022 3519 1149 3579; x_wconf 90' lang='lat' dir='ltr'>Rhenus</span> <span class='ocrx_word' id='word_1_309' title='bbox 1161 3519 1230 3577; x_wconf 87' lang='lat' dir='ltr'>Ger·</span> 
     </span>
     <span class='ocr_line' id='line_1_38' title="bbox 261 3596 1231 3677; baseline 0.009 -26"><span class='ocrx_word' id='word_1_310' title='bbox 261 3596 380 3655; x_wconf 87' lang='lat' dir='ltr'>maniae</span> <span class='ocrx_word' id='word_1_311' title='bbox 400 3598 522 3660; x_wconf 88' lang='lat' dir='ltr'>modum</span> <span class='ocrx_word' id='word_1_312' title='bbox 544 3598 641 3657; x_wconf 87' lang='lat' dir='ltr'>saciat.</span> <span class='ocrx_word' id='word_1_313' title='bbox 676 3600 851 3677; x_wconf 88' lang='lat' dir='ltr'>Pyrenaeus</span> <span class='ocrx_word' id='word_1_314' title='bbox 873 3602 1005 3661; x_wconf 91' lang='lat' dir='ltr'>medium</span> <span class='ocrx_word' id='word_1_315' title='bbox 1026 3602 1103 3663; x_wconf 88' lang='lat' dir='ltr'>inter</span> <span class='ocrx_word' id='word_1_316' title='bbox 1120 3602 1231 3661; x_wconf 86' lang='lat' dir='ltr'>Gallias</span> 
     </span>
    </p>
   </div>
   <div class='ocr_carea' id='block_1_3' title="bbox 263 3676 1231 3761">
    <p class='ocr_par' dir='ltr' id='par_1_5' title="bbox 263 3676 1231 3761">
     <span class='ocr_line' id='line_1_39' title="bbox 263 3676 1231 3761; baseline 0.009 -27"><span class='ocrx_word' id='word_1_317' title='bbox 263 3682 292 3734; x_wconf 88' lang='lat' dir='ltr'>et</span> <span class='ocrx_word' id='word_1_318' title='bbox 302 3676 466 3751; x_wconf 86' lang='lat' dir='ltr'>Hispanias</span> <span class='ocrx_word' id='word_1_319' title='bbox 478 3682 579 3755; x_wconf 78' lang='lat' dir='ltr'>iugum</span> <span class='ocrx_word' id='word_1_320' title='bbox 592 3684 725 3743; x_wconf 86' lang='lat' dir='ltr'>extollat.</span> <span class='ocrx_word' id='word_1_321' title='bbox 748 3685 825 3744; x_wconf 88' lang='lat' dir='ltr'>inter</span> <span class='ocrx_word' id='word_1_322' title='bbox 836 3684 1009 3761; x_wconf 72' lang='lat' dir='ltr'>Aegyptum</span> <span class='ocrx_word' id='word_1_323' title='bbox 1022 3692 1052 3745; x_wconf 90' lang='lat' dir='ltr'>et</span> <span class='ocrx_word' id='word_1_324' title='bbox 1062 3686 1231 3759; x_wconf 85' lang='lat' dir='ltr'>Aethiopas</span> 
     </span>
    </p>
   </div>
   <div class='ocr_carea' id='block_1_4' title="bbox 0 0 1476 4384">
    <p class='ocr_par' dir='ltr' id='par_1_6' title="bbox 0 0 1476 4384">
     <span class='ocr_line' id='line_1_40' title="bbox 0 0 1476 4384; baseline 0 2"><span class='ocrx_word' id='word_1_325' title='bbox 0 0 1476 4384; x_wconf 95' lang='lat' dir='ltr'> </span> 
     </span>
    </p>
   </div>
  </div>
 </body>
</html>
