2942 4384
470 464 520 523 uu
540 461 751 523 uuuarrcns
770 462 842 522 mn.
859 463 880 521 1.
902 470 969 524 aa.
1184 462 1204 524 5
1282 529 1285 534 ,

239 625 304 677 natu
329 616 505 691 adpellavit3
526 616 654 672 mediam
675 613 917 688 Euphrosynen,
940 614 1055 672 tertiam
1069 615 1202 673 Thalian.

237 702 350 761 Horum
372 699 524 757 nominum
545 697 838 770 interpretationem,
867 703 956 769 prout
977 697 1087 769 cuique
1104 699 1203 757 risum

238 794 294 857 est,
320 781 454 841 deflectit
469 790 498 840 et
513 781 551 838 ad
566 780 712 838 rationem
734 781 865 852 aliquam
883 786 1008 837 conatur
1024 780 1203 853 perducere,

237 883 302 925 cum
318 866 472 924 Hesiodus
489 864 597 937 puellis
613 864 677 920 suis
696 862 777 935 quod
793 861 887 920 voluit
903 878 1011 919 nomen
1024 863 1202 934 inposuerit.

236 950 340 1023 ltaque
355 950 506 1006 Homerus
524 945 576 1004 uni
597 945 743 1016 mutavit,⁸
759 945 919 1003 Pasithean
941 946 1106 1018 adpellavit
1126 953 1156 1005 et
1174 948 1235 1017 iny

236 1032 456 1091 matrimonium
473 1027 629 1103 produxit,
654 1035 685 1085 ut
710 1028 790 1085 scias
813 1027 879 1086 illas
893 1029 1036 1087 Vestales
1055 1044 1115 1087 non
1133 1045 1204 1089 esse

236 1115 403 1188 [virgines]
428 1112 579 1170 Inveniam
596 1111 687 1169 alium
708 1118 845 1184 poetam,
861 1110 943 1183 apud
959 1127 1048 1185 quem
1067 1114 1203 1186 praecin-

235 1205 342 1272 gantur
358 1204 388 1254 et
402 1194 513 1269 spissis
534 1202 584 1253 aut
597 1193 779 1269 Phryxianis
799 1194 957 1266 prodeant.
984 1194 1064 1267 Ergo
1082 1204 1112 1254 et
1125 1196 1203 1255 Mer-

236 1281 337 1340 curius
354 1296 415 1337 una
431 1285 504 1349 stat,
531 1294 592 1336 non
609 1276 680 1350 quia
695 1276 844 1335 beneficia
859 1278 935 1335 ratio
952 1280 1144 1337 commendat
1154 1280 1204 1337 vel

235 1364 344 1434 oratio,
368 1362 423 1420 sed
440 1361 510 1434 quia
526 1359 633 1433 pictori
653 1359 694 1418 ita
715 1360 816 1417 visum
831 1365 886 1416 est.
920 1360 1112 1435 Chrysippus
1129 1373 1235 1434 quo-8

236 1462 308 1521 que,
330 1459 426 1518 penes
444 1459 532 1516 quem
549 1442 657 1501 subtile
672 1443 746 1501 illud
760 1456 887 1500 acumen
903 1449 994 1500 estet
1008 1442 1037 1499 in
1051 1444 1203 1518 irnampe-

234 1537 358 1588 netrans
374 1528 542 1599 veritatem,
560 1526 611 1599 qui
626 1526 670 1583 rei
686 1526 823 1599 agendae
839 1541 934 1583 causa
948 1526 1080 1599 loquitur
1094 1534 1123 1585 et
1137 1543 1204 1587 ver·

234 1612 277 1671 bis
294 1627 356 1670 non
372 1612 450 1669 ultra
466 1626 556 1684 quam
573 1609 612 1667 ad
627 1610 810 1668 intellectum
826 1609 900 1668 satis
919 1616 966 1667 est
981 1610 1085 1682 utitur,
1108 1618 1204 1670 totum

234 1696 343 1754 librum
360 1709 447 1752 suum
468 1693 513 1750 his
536 1692 656 1767 ineptiis
672 1694 785 1765 replet,
806 1692 893 1751 itaut
914 1693 952 1750 de
968 1693 1085 1751 ratione
1102 1694 1203 1765 dandi,

234 1778 403 1851 accipiendi
425 1776 635 1849 reddendique
653 1775 794 1834 beneficii
815 1791 913 1849 pauca
934 1777 1097 1835 admodum
1113 1776 1203 1849 dicat,

235 1876 291 1919 nee
307 1860 357 1918 his
373 1858 506 1928 fabulas,
528 1860 585 1918 sed
606 1859 682 1917 haee
704 1857 814 1916 sabulis
837 1858 951 1917 inserit.
987 1859 1062 1917 Nam
1086 1868 1236 1934 praeterp

233 1944 305 2015 ista,
326 1958 406 2017 quae
420 1944 553 2001 Hecaton
570 1941 773 2013 transscribit,
797 1947 858 2000 tres
875 1942 1067 2017 Chrysippus
1086 1944 1204 2003 Gratias

234 2026 273 2085 ait
288 2026 372 2085 lovis
388 2033 418 2085 et
431 2026 623 2102 Eurynomes
638 2023 716 2083 filias
732 2041 820 2095 esse,
842 2031 940 2082 aetate
955 2034 1054 2083 autem
1071 2027 1208 2085 minores.

234 2126 326 2184 quam
338 2108 453 2181 HoraS,
477 2110 533 2167 sed
553 2109 730 2167 meliuscula
751 2107 828 2166 faeie
851 2113 880 2165 et
899 2108 969 2165 ideo
989 2108 1102 2166 Veneri
1118 2109 1204 2168 datas

233 2192 383 2252 comites·
394 2191 498 2251 matris
515 2208 638 2266 quoque
652 2206 761 2250 nomen
778 2192 893 2249 adrem
908 2190 1021 2250 iudicat
1037 2191 1203 2265 pertinere:

232 2275 430 2351 Eurynomen
451 2276 529 2333 enim
550 2276 675 2347 dictam,
698 2274 768 2348 quia
790 2274 849 2333 late
877 2275 1008 2348 patentis
1030 2272 1205 2350 patrimonii

233 2360 272 2417 sit
287 2357 439 2417 beneficia
453 2358 604 2417 divideret
632 2363 785 2430 tamquam
807 2358 894 2417 matri
916 2365 986 2431 post
1005 2360 1083 2417 filias
1107 2359 1205 2417 soleat

232 2455 343 2501 nomen
360 2440 465 2513 inponi
480 2448 532 2499 aut
547 2448 655 2515 poetae
671 2456 744 2498 vera
759 2442 881 2500 nomina
894 2443 1032 2502 reddant.
1053 2442 1201 2514 Quemad-
1214 2462 1247 2513 10

232 2524 358 2583 modum
375 2523 593 2582 nomenclatori
609 2526 772 2583 memoriae
789 2525 858 2583 loco
875 2524 1004 2583 audacia
1026 2532 1073 2583 est
1093 2531 1123 2583 et
1141 2525 1203 2583 cui-

233 2622 357 2680 cunque
377 2622 486 2665 nomen
508 2623 568 2666 non
591 2613 693 2680 potest
715 2608 859 2679 reddere,
882 2607 1015 2680 inponit,
1037 2609 1077 2665 ita
1096 2614 1204 2679 poetae

233 2706 294 2749 non
312 2697 418 2763 putant
431 2691 470 2748 ad
486 2706 547 2748 rem
566 2692 716 2764 pertinere
735 2705 842 2747 verum
862 2689 980 2759 dicere,
1002 2689 1056 2746 sed
1079 2695 1131 2748 aut
1151 2704 1203 2745 ne-

234 2774 378 2833 cessitate
399 2772 496 2832 eoacti
519 2781 571 2832 aut
592 2775 703 2832 decore
726 2773 859 2846 corrupti
882 2773 912 2830 id
932 2787 1084 2845 quemque
1100 2771 1204 2831 vocari

234 2857 355 2928 iubent,
378 2858 461 2929 quod
477 2856 554 2915 belle
568 2858 638 2914 lacit
652 2857 691 2915 ad
707 2872 839 2914 versum.
870 2871 926 2913 nee
946 2857 1004 2914 illis
1027 2856 1123 2913 l'raudi
1147 2864 1203 2927 est,

234 2939 346 3013 [pualsi
371 2939 486 3013 aliquid
514 2939 544 2997 in
570 2956 695 2999 censum
722 2940 897 2999 detulerint:
937 2940 1094 3012 proximus
1124 2939 1204 2997 enim

234 3029 326 3095 poeta
341 3038 430 3079 suum
445 3020 511 3080 illas
528 3024 606 3081 serre
622 3038 731 3082 nomeu
748 3021 840 3082 iubet.
864 3024 923 3081 hoc
934 3029 967 3081 ut
979 3023 1059 3080 scias
1071 3023 1111 3080 ita
1123 3038 1204 3093 esse,

234 3120 308 3163 ecee
323 3104 442 3177 Thalia,
458 3105 497 3163 de
516 3121 576 3179 qua
591 3104 801 3163 cummaxime
815 3106 925 3179 agitur,
941 3105 1024 3179 apud
1036 3106 1203 3165 Hesiodum

235 3187 340 3246 Charis
358 3194 419 3259 est,
444 3188 527 3261 apud
543 3189 707 3246 Homerum
723 3188 821 3247 Musa.

296 3272 348 3329 IV.
380 3269 441 3329 Sed
467 3286 505 3329 ne
530 3272 638 3329 faciam
668 3273 751 3345 quod
776 3269 983 3345 reprehendo,
1012 3270 1113 3328 omnia
1137 3270 1234 3341 ista‚1

236 3368 314 3425 quae
338 3352 381 3411 ita
403 3359 489 3411 extra
510 3370 573 3412 rem
595 3362 680 3427 sunt,
703 3361 736 3413 ut
753 3370 809 3412 nee
826 3354 906 3411 eirca
920 3370 984 3411 rem
998 3354 1119 3426 quidem
1135 3354 1203 3425 sint,

235 3435 413 3509 relinquam.
441 3443 473 3494 tu
489 3438 580 3496 modo
596 3442 653 3497 nos
666 3444 766 3509 tuere,
784 3436 809 3493 si
823 3437 892 3510 quis
904 3436 976 3494 mihi
989 3436 1106 3508 obiciet,
1121 3436 1205 3509 quud

237 3516 439 3595 Chrysippum
460 3520 489 3575 in
512 3520 648 3578 ordinem
669 3520 836 3593 coegerim,
872 3536 1013 3593 magnum
1032 3519 1204 3578 mehercule

236 3600 344 3674 virum,
368 3603 424 3661 sed
451 3608 550 3661 tamen
571 3603 735 3675 Graecum,
758 3604 844 3662 euius
866 3619 993 3662 aeurnen
1010 3601 1099 3660 nimis
1114 3609 1205 3662 tenue

237 3685 403 3747 retunditur
422 3691 453 3746 et
473 3684 504 3745 in
525 3701 560 3745 se
581 3701 675 3761 saepe
696 3686 870 3761 replicatur.
911 3686 999 3745 etiam
1020 3702 1087 3746 eum
1114 3702 1205 3761 agere
