2942 4384
267 441 310 505 64
350 394 365 410 α
535 441 569 502 L.
590 440 737 501 ANNAEI
760 439 935 501 SENECAE
960 506 962 510 ,

236 601 253 653 2
266 611 326 671 que
337 601 392 655 est.
423 595 510 654 Hunc
523 595 664 654 eumdem
676 602 705 653 et
720 595 813 652 latum
826 594 852 653 si
864 594 988 666 dixeris,
1001 611 1064 654 non
1076 596 1235 655 mentieris
1278 647 1279 652 ,

265 696 334 738 nam
354 695 421 738 cum
444 680 536 738 latum
555 677 628 736 nihil
648 678 729 737 aliud
751 678 790 737 sit
806 694 896 760 quam
915 678 1011 737 series
1027 679 1158 752 inplexa
1172 695 1235 740 cau·
1278 713 1279 718 κ

265 779 383 835 sarum,
399 764 448 820 ille
461 770 508 820 est
524 761 620 835 prima
634 762 766 819 omnium
780 776 889 830 causa,
907 776 946 818 ex
961 776 1022 835 qua
1034 769 1158 821 ceterae
1169 778 1236 837 peu·
1277 771 1279 822 l

265 846 347 905 dent.
384 847 600 919 Quaecumque
615 846 701 902 voles
716 844 757 901 illi
774 843 896 903 nomina
911 844 1035 918 proprie
1048 845 1171 919 aptabis
1184 846 1235 904 vim
1278 851 1279 920 ξ

264 931 397 1004 aliquam
419 928 624 1001 effectumque
646 928 823 986 coelestium
846 941 945 986 rerum
970 928 1173 988 continentia=
1198 935 1235 989 tot
1277 923 1279 982 l

266 1011 488 1087 adpellationes
505 1012 570 1070 eius
588 1017 719 1084 possunt
734 1026 805 1069 esse
821 1018 896 1084 quot
909 1026 1044 1070 munera.
1278 1067 1279 1092 ἶ

238 1104 251 1154 1
326 1095 405 1153 Vlll.
434 1096 522 1154 Hunc
543 1102 573 1153 et
592 1094 733 1152 Liberum
757 1100 871 1167 patrem
890 1101 919 1153 et
933 1094 1095 1154 Herculem
1111 1111 1150 1155 ac
1165 1094 1235 1154 Mer·
1278 1099 1279 1160 l

265 1179 379 1239 curium
402 1179 497 1238 nostri
524 1185 638 1252 putant.
677 1176 819 1236 Liberum
846 1185 974 1250 patrem,
1010 1179 1083 1252 quia
1107 1181 1235 1238 omnium
1277 1173 1279 1240 Ξ

264 1278 377 1337 parens
393 1262 446 1335 sit,
468 1262 549 1337 quod
567 1262 694 1335 primum
707 1261 830 1319 inventa
841 1261 989 1318 seminum
1002 1262 1048 1319 ris
1062 1261 1157 1330 est**
1170 1278 1234 1322 con·
1277 1255 1280 1326 ἔ

264 1347 380 1406 sultura
397 1362 451 1420 per
466 1348 662 1419 voluptatem.
697 1344 871 1416 Herculem,
895 1343 968 1417 quia
981 1343 1029 1402 vis
1047 1348 1113 1405 eius
1129 1345 1235 1404 invicta
1257 1329 1279 1396 «ἲ

264 1430 318 1501 sit,
347 1430 534 1504 quandoque
555 1430 669 1487 lassata
690 1428 779 1486 luerit
800 1427 945 1499 operibus
966 1427 1070 1500 editis,
1093 1428 1234 1502 inignem
1277 1403 1279 1440 ⁴

237 1516 437 1572 irecessura.
469 1512 667 1583 Mercurium,
687 1510 758 1584 quia
772 1510 849 1569 ratio
866 1527 962 1584 penes
976 1511 1059 1570 illum
1073 1520 1122 1571 est
1137 1526 1234 1571 nume
1277 1549 1279 1588 ÷

264 1611 380 1669 rusque
402 1603 431 1653 et
452 1596 529 1655 ordo
551 1602 581 1654 et
603 1595 740 1653 seientia.
778 1595 976 1669 Quocumque
991 1602 1020 1653 te
1036 1591 1177 1668 flexeriS,
1198 1594 1235 1652 ibi
1278 1657 1279 1668 ,

265 1679 348 1738 illum
372 1678 490 1737 videbis
509 1685 717 1737 occurrentem
735 1677 795 1736 tibi.
823 1678 896 1736 nihil
912 1679 950 1737 ab
966 1678 1017 1737 illo
1033 1685 1138 1737 vacat:
1161 1693 1234 1752 opus
1278 1751 1279 1758 ἵ

266 1778 354 1821 snum
375 1762 442 1835 ipsc
463 1759 566 1834 inplet.
601 1762 682 1834 Ergo
704 1761 777 1819 nihil
798 1761 879 1835 agis,
902 1761 1107 1835 ingratissime
1130 1768 1234 1820 morla-

265 1846 350 1915 lium,
375 1844 476 1919 quite
499 1860 593 1918 negas
615 1846 673 1903 deo
695 1844 822 1915 debere,
847 1845 903 1903 sed
923 1852 1064 1903 naturae:
1089 1845 1164 1918 quia
1183 1859 1235 1902 nee

264 1936 371 1988 natura
394 1930 459 1988 sine
481 1929 539 1989 deo
561 1935 609 1989 est
629 1944 685 1987 nec
704 1929 781 1986 deus
798 1927 864 1987 sine
880 1936 1001 2000 natura,
1023 1928 1080 1986 sed
1096 1928 1177 1986 idem
1192 1934 1236 1987 est

236 2018 441 2088 anuumque,
467 2018 546 2085 [nec]
565 2013 656 2072 distat
671 2011 785 2071 officio.
823 2011 868 2082 Si,
891 2012 974 2085 quod
989 2010 1140 2070 aSeneca
1153 2025 1236 2070 acce*

264 2096 383 2171 pisses,
406 2099 534 2156 ⁴annaeo
554 2104 583 2156 te
605 2097 717 2155 debere
733 2096 852 2154 diceres
867 2096 916 2154 vel
930 2095 1040 2166 Lucio,
1064 2111 1126 2153 non
1142 2094 1235 2154 credi·

262 2188 361 2240 torem
384 2187 532 2253 mutares,
563 2180 619 2239 sed
639 2195 766 2249 nomen,
794 2180 937 2252 quoniam
964 2179 1029 2237 sive
1050 2193 1235 2253 praenomen

265 2264 330 2322 eius
346 2264 411 2322 sive
428 2279 537 2322 nomen
553 2263 686 2322 dixisses
702 2263 768 2321 sive
783 2277 968 2335 cognomen,
984 2262 1176 2321 idemtamen
1189 2262 1235 2320 ille

265 2354 363 2406 esset:
387 2348 431 2406 sic
452 2362 531 2405 nunc
549 2355 685 2407 naturam
701 2362 794 2418 voca,
815 2347 922 2416 latum,
946 2347 1112 2419 fortunam,
1138 2344 1236 2406 omnia

265 2429 402 2488 eiusdem
421 2429 469 2489 dei
485 2432 607 2490 nomina
622 2438 692 2490 sunt
708 2431 791 2488 varie
807 2431 918 2489 utentis
934 2445 990 2488 sua
1005 2435 1167 2503 potestate.
1201 2428 1236 2489 El

264 2511 391 2585 iustitia,
419 2513 570 2588 mobiles,
596 2513 771 2588 prudentia,
795 2514 950 2583 fortitudo,
972 2513 1130 2586 frugalitas
1146 2513 1234 2572 unius

264 2597 353 2655 animi
374 2596 456 2657 bona
477 2605 560 2658 sunt:
590 2597 736 2673 quiequid
758 2597 866 2656 horum
886 2596 939 2656 tibi
962 2596 1090 2670 placuit,
1117 2598 1233 2656 animus

265 2681 373 2755 placet.

236 2773 252 2823 l.
326 2765 375 2822 lX.
398 2764 459 2824 Sed
475 2780 512 2823 ne
527 2764 615 2823 aliam
631 2765 870 2838 disputationem
887 2780 926 2823 ex
947 2762 1072 2837 obliquo
1093 2763 1231 2833 habeam,

263 2846 393 2921 plurima
404 2846 553 2904 beneficia
568 2863 603 2906 ac
618 2849 751 2906 maxima
765 2849 793 2906 in
811 2866 867 2908 nos
880 2849 957 2906 dens
969 2848 1085 2907 conlert
1097 2846 1165 2907 sine
1179 2861 1234 2921 spe

262 2927 446 3001 recipiendi,
463 2930 604 3003 quoniam
621 2946 678 2989 nec
692 2931 742 2989 ille
758 2934 867 2992 collato
884 2938 953 3003 eget
963 2947 1021 2990 nec
1035 2946 1092 2990 nos
1109 2930 1138 2990 ei
1152 2931 1234 3005 quic

265 3028 354 3085 quam
370 3013 509 3072 conferre
526 3029 707 3087 possumus:
729 3032 802 3089 ergo
819 3015 998 3074 beneficium
1018 3029 1072 3088 per
1085 3030 1123 3072 se
1142 3029 1234 3089 expe

232 3150 233 3153 ,
262 3096 356 3155 tenda
369 3111 420 3155 res
433 3104 488 3156 est.
510 3113 572 3156 una
586 3106 742 3173 spectatur
756 3101 784 3157 in
800 3116 836 3158 eo
852 3098 1028 3173 accipientis
1044 3098 1166 3156 utilitas.
1196 3096 1234 3156 nd

234 3180 340 3239 ahane
355 3180 539 3239 accedamus
555 3181 701 3255 sepositis
714 3182 883 3242 commodis
895 3176 1176 3254 nostris.'‚',I)iciti's,
1191 3180 1234 3240 in-

263 3264 342 3338 quit,
366 3264 526 3338 diligenter
540 3265 699 3339 eligendos
715 3266 826 3340 quibus
842 3265 992 3324 beneficia
1012 3266 1136 3337 demus,
1164 3266 1234 3339 quia
1278 3321 1279 3326 ,

262 3363 301 3406 ne
316 3347 468 3420 agricolae
485 3348 607 3421 quidem
623 3349 739 3408 semina
754 3350 854 3408 arenis
870 3349 1065 3408 committant.
1103 3349 1189 3422 quod
1208 3347 1233 3406 si
1275 3393 1279 3430 .=

261 3446 367 3490 verum
382 3437 443 3502 est,
466 3439 601 3490 nostram
616 3432 770 3491 utilitatem
786 3433 815 3490 in
832 3432 987 3493 beneficiis
1003 3431 1113 3490 dandis
1132 3429 1232 3505 sequi·
1273 3473 1279 3512 ς

262 3528 343 3585 mur,
360 3514 616 3588 quemadmodum
630 3517 659 3573 in
675 3517 791 3575 arando
808 3516 1019 3589 serendoque:
1041 3515 1232 3589 nequeenim
1271 3531 1279 3586 ς·

229 3667 234 3672 ,
263 3610 367 3655 serere
382 3613 438 3670 per
452 3612 487 3656 se
500 3612 550 3656 res
566 3599 739 3670 expetenda
753 3606 808 3656 est.
836 3597 995 3657 Praeterea
1011 3597 1171 3672 qnaeritis,
1185 3595 1231 3656 eui
1271 3633 1280 3656 -.

263 3677 342 3738 detis
355 3680 550 3742 beneficium:
575 3682 658 3756 quod
680 3698 741 3742 non
760 3688 843 3742 essct
863 3682 1049 3757 laciendum,
1073 3680 1100 3740 si
1123 3697 1179 3757 per
1198 3695 1235 3740 se.
1266 3703 1279 3750 ,2
