2942 4384
393 360 447 422 DE
466 361 679 424 ennarrans
692 362 836 423 .LlB.VI.
857 372 990 429 33-36.
1118 364 1180 432 12⁹

265 511 389 575 mv.
416 514 496 575 Male
516 516 556 575 de
576 523 607 576 te
627 516 799 589 existimas,
828 515 855 576 si
877 518 988 578 inutilis
1004 534 1037 578 es
1053 520 1111 581 nisi
1126 522 1210 589 ad-1

163 650 166 654 .
203 597 306 671 nicto,
332 598 359 657 si
378 597 471 657 rebus
491 599 581 658 bonis
602 615 815 673 supervacuus
835 616 879 660 es.
919 601 1180 675 Quemadmodum

202 689 234 741 te
255 689 288 741 et
307 680 338 740 iu
360 681 460 741 dubiis
477 688 507 739 ct
526 682 556 740 in
572 682 711 741 adversis
726 689 756 741 et
770 682 798 741 in
815 685 902 743 laetis
919 686 1072 759 sapienter
1086 688 1177 760 geris,

203 771 237 829 ut
251 764 346 824 dubia
359 765 524 840 prudenter
538 772 665 837 tractes,
686 767 817 826 adversa
832 767 962 837 sortiter,
983 769 1062 828 laeta
1074 771 1178 830 mode·

202 854 285 907 rate:
314 848 356 907 ita
375 847 406 906 in
426 849 528 907 omnia
544 849 647 907 utilem
662 856 692 908 te
706 850 804 909 amico
820 851 965 910 exhibere
980 860 1078 925 potes.
1114 853 1177 911 Ad·

202 946 298 990 versa
311 931 379 990 eius
395 945 452 989 nec
466 931 640 990 deserueris
655 948 713 991 nec
728 934 898 1005 optaverim
921 936 1014 993 muita
1029 935 1178 995 nihilomi-

203 1031 279 1085 nuS,
301 1021 409 1073 utnon
426 1022 529 1088 opica,
550 1015 580 1072 in
596 1022 677 1073 tanta
690 1016 850 1088 varietate,
867 1032 947 1090 quae
959 1018 1009 1076 tibi
1023 1020 1178 1077 materiam

203 1096 398 1157 exercendae
421 1096 492 1155 fidei
519 1096 699 1170 praebeant,
730 1098 874 1157 incident.
918 1100 1210 1171 Quemadmoduma

204 1179 257 1255 qui
278 1185 365 1253 optat
384 1178 504 1238 divitias
525 1179 616 1239 aiicui
636 1180 762 1253 inhoe,
787 1188 821 1239 ut
839 1182 956 1240 illarum
978 1191 1092 1255 partem
1107 1184 1177 1258 ipse

203 1265 295 1333 ierat,
320 1261 459 1336 quamvis
480 1278 536 1337 pro
560 1263 610 1321 ilio
634 1263 772 1323 videatur
792 1271 913 1338 optare,
937 1264 995 1323 sibi
1016 1266 1174 1339 prospicit,

203 1348 249 1405 sic
271 1346 325 1419 qui
346 1353 432 1419 optat
449 1345 547 1405 amico
568 1346 698 1419 aliquam
720 1348 948 1418 necessitatem,
978 1364 1068 1421 qnam
1090 1350 1175 1409 adiu-

201 1428 283 1489 torio
298 1444 356 1489 suo
373 1428 497 1503 fideque
512 1428 667 1502 discutiat,
690 1430 774 1503 quod
788 1438 836 1489 est
849 1429 971 1504 ingrati,
989 1447 1023 1490 se
1035 1431 1076 1489 iiii
1089 1449 1176 1506 prae·

202 1513 261 1572 icrt
275 1518 306 1570 et
324 1512 398 1571 tanti
413 1512 564 1572 existimat
578 1512 660 1571 ilium
676 1514 818 1572 miserum
835 1529 921 1586 esse,
941 1522 974 1573 ut
988 1515 1056 1587 ipse
1070 1524 1175 1589 gratus

202 1596 255 1669 sit,
285 1594 326 1654 ob
346 1594 405 1654 hoc
426 1594 527 1669 ipsum
548 1596 693 1669 ingratus.
722 1611 891 1655 exonerare
912 1597 990 1655 onim
1014 1614 1049 1657 se
1071 1600 1134 1658 vuit
1147 1606 1178 1657 ct

201 1678 288 1751 gravi
320 1676 441 1736 sarcina
465 1678 604 1737 liberare.
650 1679 808 1738 Multum
839 1680 1020 1752 interest,
1052 1689 1209 1750 utrums

202 1775 395 1835 properes
424 1761 572 1820 reterre
598 1762 775 1835 gratiam,
800 1770 840 1821 ut
860 1762 1002 1822 reddas
1024 1765 1174 1823 benefi-

201 1843 350 1913 iicium‚
378 1857 424 1901 an
451 1860 497 1902 nc
526 1844 686 1904 debeas=
716 1846 768 1918 quii
788 1846 917 1904 reddere
941 1847 1017 1917 vuit,
1039 1847 1118 1907 iliius
1141 1864 1176 1907 se

147 1913 153 1938 ’
201 1925 366 1985 commodo
381 1926 497 2000 aptabit
511 1934 540 1986 et
553 1925 696 1987 idoneum
709 1928 750 1986 ilii
765 1928 868 1986 venire
881 1935 999 2000 tempus
1012 1929 1101 1988 votet.
1123 1932 1175 2003 qui

201 2008 277 2066 nihii
296 2008 379 2068 aliud
401 2026 491 2083 quam
511 2008 579 2083 ipse
595 2008 715 2069 liberari
730 2012 808 2082 vuit,
832 2009 1120 2085 quomodocumque
1135 2012 1176 2071 ad
1227 2063 1231 2076 .

200 2092 263 2151 hoc
275 2090 378 2165 cupiet
390 2094 557 2165 pervenire,
571 2095 653 2167 quod
665 2101 713 2153 est
724 2094 878 2168 pessimae
889 2094 1061 2153 voluntatis.
1083 2095 1174 2167 „ista
1189 2107 1207 2161 4

199 2174 317 2248 iuquit,
339 2175 431 2233 nimia
446 2175 690 2249 festinatio-prata¹
703 2183 780 2236 est.“
810 2176 844 2235 ld
856 2176 991 2250 apertius
1003 2177 1175 2252 exprimere

200 2273 264 2317 non
279 2271 423 2331 possum,
446 2274 535 2332 quam
551 2259 576 2317 si
591 2260 762 2332 repetivere
779 2261 862 2335 quod
873 2259 951 2318 dixi=
969 2277 1033 2335 pon
1048 2261 1093 2320 vis
1105 2262 1174 2321 red-

200 2341 278 2400 dere
297 2348 456 2414 acceptum
471 2341 666 2413 beneficium,
683 2343 738 2401 sed
754 2342 898 2416 effugere.
931 2343 997 2403 Hoc
1012 2345 1114 2404 dicere
1131 2346 1174 2403 vi-

201 2423 301 2483 deris=
319 2425 464 2497 „quando
475 2424 533 2483 isto
544 2423 676 2483 carebat
698 2442 892 2499 quocumque
904 2427 995 2485 modo
1008 2427 1174 2486 mihitabo-

200 2506 332 2565 randum
343 2514 399 2578 est,
421 2522 459 2565 ne
470 2505 518 2565 isti
531 2507 681 2581 obligatus
696 2510 784 2567 sim.“
816 2508 847 2567 Si
863 2515 995 2582 optareS,
1011 2516 1043 2567 ut
1056 2510 1097 2567 iili
1113 2511 1173 2567 soi·
1221 2516 1224 2520 “

199 2604 292 2648 neres
306 2588 345 2647 de
358 2604 429 2662 suo,
446 2591 569 2650 muitum
582 2591 692 2649 abesse
706 2590 852 2650 videreris
865 2606 882 2647 a
894 2597 996 2662 grator
1017 2590 1076 2649 hoc
1090 2592 1174 2665 quod

201 2680 308 2746 optas,
332 2672 465 2746 iniquius
487 2680 543 2731 cst.
572 2675 743 2733 exsecraris
762 2674 840 2732 enim
856 2675 937 2731 iilum
953 2681 983 2733 et
998 2681 1089 2746 caput
1104 2690 1173 2733 san·

201 2764 283 2814 ctum
305 2754 360 2813 tibi
380 2755 446 2813 dira
465 2755 673 2830 inprecatione
691 2758 810 2831 defigis.
845 2758 954 2827 Nema,
976 2762 1009 2815 ut
1025 2757 1206 2832 existimo,5

200 2838 241 2897 de
260 2836 435 2897 inmanitate
455 2839 547 2898 animi
567 2839 610 2900 tui
631 2840 797 2914 dubitaret,
821 2841 847 2900 si
863 2847 967 2914 aperte
985 2840 1026 2901 illi
1043 2857 1173 2916 pauper-

201 2928 308 2991 tatem,
331 2920 358 2979 si
380 2921 596 2994 captivitatem,
618 2922 643 2981 si
660 2924 769 2982 famem
784 2939 820 2981 ac
835 2932 946 2983 nictum
961 2923 1173 2995 inprecureris.

200 3012 232 3064 at
246 3002 321 3077 quid
336 3002 474 3078 interest,
490 3014 590 3065 utrum
601 3022 663 3065 vox
675 3007 734 3065 ista
745 3007 785 3065 sit
795 3008 855 3066 voti
867 3006 908 3065 tui
920 3022 958 3063 en
970 3006 1037 3065 vis't
1059 3008 1175 3079 aliquid

200 3086 282 3145 enim
292 3085 401 3145 horum
414 3095 518 3161 optas!
539 3088 643 3148 inune
656 3095 685 3147 et
696 3088 755 3147 hoc
767 3104 838 3147 esse
850 3088 925 3162 grati
937 3094 1024 3160 puta,
1041 3088 1123 3161 quod
1136 3103 1175 3147 ne

200 3169 340 3243 ingratus
358 3170 480 3243 quidem
501 3172 628 3244 iaceret,
643 3172 701 3245 ‘qui
717 3171 809 3230 modo
826 3186 886 3228 non
902 3168 1045 3241 usquein
1061 3169 1173 3243 odium,

201 3253 258 3312 sed
273 3250 389 3312 tantum
404 3254 443 3311 ad
459 3254 665 3314 infitiationem
679 3253 819 3312 beneficii
834 3251 1016 3326 perveniret.

156 3359 159 3366 ¹
261 3335 397 3395 XXXVI.
427 3338 501 3409 eris
524 3339 603 3412 pium
626 3338 705 3396 dicet
724 3336 874 3409 Aeneam,
901 3335 926 3395 si
953 3332 1082 3409 patriam
1105 3335 1205 3410 capit

203 3418 348 3490 noluerit,
369 3426 402 3479 ut
419 3420 584 3494 captivitati
605 3428 720 3495 patrem
742 3418 871 3493 eripiat?
905 3417 978 3491 Quis
995 3416 1114 3478 Siculos
1129 3418 1173 3477 iu-

202 3516 298 3561 venes
311 3509 346 3560 ut
361 3502 442 3562 bona
459 3503 561 3563 liberis
577 3505 718 3577 exempla
733 3500 927 3573 monstrabit,
951 3501 978 3559 si
993 3501 1173 3574 optaverint,

203 3591 235 3644 ut
253 3587 355 3644 Aetna
375 3585 545 3647 inmensam
565 3586 679 3663 ignium
698 3585 759 3646 vim
774 3600 868 3667 super
882 3582 1003 3649 solitum
1018 3584 1130 3645 ardens
1145 3593 1175 3650 et

243 3688 346 3727 sannen
359 3688 430 3727 rau.
445 3674 478 3728 li.
994 3673 1011 3731 9
