2942 4384
417 478 557 539 narua.
573 476 735 551 uuausr.
757 475 896 535 ua1v.
912 485 938 536 a.
1100 476 1163 542 247

187 635 266 689 nor'a
280 619 366 688 sunt:
390 628 504 703 quippe
517 630 620 689 vernis
639 626 828 702 temporibus
843 628 955 685 imbres
971 626 1070 685 nivem
1086 630 1163 691 dilu-

189 719 259 784 unt,
286 712 432 785 reliquias
454 712 519 769 eius
544 712 657 785 primus
679 713 763 771 calor
783 711 933 769 dissolvit.
956 726 1023 769 nec
1036 712 1162 774 Rhenus
1171 733 1204 783 20

190 809 247 855 nec
263 794 432 853 Rhodanus
454 810 510 852 neo
529 796 605 853 Ister
623 801 695 866 [nec
714 797 767 868 qm·
785 797 840 853 alii
852 795 988 865 hiberno]
1005 795 1164 856 subiacent

189 879 288 949 coelo,
308 884 425 937 aestate
442 878 640 952 proveniunt:
662 885 692 936 et
711 878 769 935 illis
791 877 819 934 in
837 876 1104 950 septemtrionibus
1119 881 1161 938 al-

190 960 328 1021 tissimae
342 961 450 1033 iugiter
465 966 536 1019 sunt
549 962 645 1019 nives
666 960 776 1019 Phasis
791 976 916 1034 quoque
926 978 984 1034 per
998 963 1074 1020 idem
1089 970 1162 1021 tem-

191 1061 249 1118 pus
269 1049 300 1101 et
315 1044 525 1119 Borysthenes
546 1050 733 1114 crescerent,
752 1046 779 1101 si
792 1043 878 1102 nives
895 1051 1025 1116 possent
1038 1043 1163 1104 flumina

190 1134 299 1186 contra
306 1134 450 1185 aestatem
459 1143 567 1200 magna
580 1127 759 1200 producere.
771 1126 930 1185 Praeterea
943 1127 969 1186 si
984 1127 1059 1186 haec
1069 1143 1163 1187 causa
1169 1146 1203 1198 21

190 1210 352 1269 adtolleret
365 1210 477 1281 Nilum,
493 1218 609 1269 aestate
625 1211 720 1283 prima
735 1209 930 1282 plenissimus
947 1208 1063 1270 flueret
1092 1218 1163 1270 tunc

191 1294 273 1352 euim
288 1294 437 1351 maximae
452 1300 482 1352 et
496 1293 629 1366 integrae
644 1293 744 1351 adhuc
759 1294 846 1351 nives
862 1307 902 1349 ex
921 1293 1163 1367 mollissimoque

190 1378 280 1436 tahas
302 1384 363 1436 est:
394 1376 479 1435 Nilus
501 1384 600 1436 autem
624 1391 821 1450 permenses
843 1383 972 1447 quatuor
993 1376 1116 1450 liquitur
1134 1382 1164 1435 et

191 1460 235 1520 illi
252 1460 389 1533 aequalis
405 1461 616 1526 accessioest.

258 1542 290 1602 Si
305 1543 417 1602 Thaleti
440 1544 556 1616 credis,
576 1541 690 1603 etesiae
712 1540 909 1601 descendenti
929 1542 996 1601 Nilo
1018 1544 1203 1613 resistuntm

193 1634 224 1686 et
245 1641 354 1685 cursus
378 1627 443 1685 eius
466 1634 535 1685 acto
557 1634 662 1686 contra
682 1626 761 1685 ostia
780 1627 855 1684 mari
876 1626 1041 1686 sustinent:
1062 1627 1102 1685 ita
1116 1642 1163 1685 re·

194 1710 375 1769 verberatus
394 1710 424 1767 in
441 1725 476 1769 se
491 1710 617 1769 recurrit
634 1726 691 1769 nec
705 1708 830 1779 crescit,
853 1709 909 1768 sed
931 1710 1013 1768 exitu
1029 1708 1163 1781 prohibi-

194 1802 244 1853 tus
259 1792 373 1851 resistit
384 1800 414 1851 et
429 1807 620 1867 quacumque
637 1809 709 1851 mox
725 1793 834 1865 potuit,
848 1792 1049 1851 inconcessus
1065 1808 1162 1851 erum-

194 1876 248 1951 pit.
280 1874 488 1952 Euthymenes
502 1876 702 1935 Massiliensis
720 1875 924 1935 testimonium
942 1877 1027 1934 dicits
1053 1876 1163 1947 „Navi-

195 1956 281 2033 gavi,
303 1958 416 2032 inquit,
438 1960 622 2019 Atlanticum
642 1974 739 2030 mare,
761 1958 844 2018 unde
862 1957 947 2016 Nilus
966 1956 1045 2027 fluit,
1067 1959 1163 2017 maior

196 2041 344 2116 quamdiu
370 2043 484 2101 etesiae
508 2050 628 2116 tempus
656 2042 829 2101 observant.
864 2048 935 2100 tunc
956 2041 1035 2099 enim
1059 2042 1165 2099 eicitur

196 2139 280 2183 mare
294 2124 476 2185 instantibus
491 2126 599 2185 ventis.
621 2142 689 2183 cum
704 2124 888 2195 resederint,
906 2132 935 2183 et
950 2124 1076 2197 pelagus
1092 2140 1163 2181 con-

197 2208 329 2282 quiescit
348 2208 507 2282 minorque
530 2207 729 2268 descendenti
750 2207 821 2265 inde
840 2207 887 2265 vis
901 2206 967 2265 Nilo
990 2212 1045 2265 est.
1080 2207 1164 2264 Cete-

196 2307 263 2351 rum
288 2290 386 2349 dulcis
413 2292 488 2349 mari
513 2308 608 2365 sapor
633 2298 725 2350 estet
742 2288 1165 2370 similesNiloticis,beluae.“

197 2373 297 2447 Quare
312 2388 401 2447 ergo,
424 2373 449 2433 si
465 2374 562 2434 Nilum
576 2376 689 2433 etesiae
705 2380 888 2447 provocant,
911 2381 941 2434 et
954 2381 1024 2432 ante
1038 2372 1108 2432 illos
1122 2372 1207 2432 in-aa

197 2458 272 2531 cipit
286 2457 505 2517 incrementum
519 2456 585 2516 eius
601 2464 630 2515 et
646 2465 716 2531 post
730 2472 785 2516 eos
801 2458 908 2515 durat?
928 2456 1089 2515 Praeterea
1104 2472 1166 2514 non

197 2540 356 2611 titulatur,
372 2556 432 2613 quo
446 2540 488 2599 illi
504 2539 617 2599 flavere
633 2539 857 2612 vehementius,
879 2555 936 2597 nec
949 2541 1107 2598 remittitur
1121 2539 1166 2596 in·
1263 2571 1267 2578 ·

198 2624 383 2697 citatusque,
402 2630 492 2697 prout
502 2624 560 2682 illis
573 2623 693 2697 inpetus
710 2623 780 2695 luit,
798 2623 881 2695 quod
893 2623 993 2694 fieret,
1009 2622 1034 2680 si
1047 2620 1167 2680 illorum

199 2706 314 2765 viribus
339 2712 499 2765 cresceret.
536 2706 628 2779 outo,
655 2708 736 2780 quod
758 2705 872 2765 etesiae
893 2706 963 2764 litus
980 2704 1167 2781 Aegyptium

197 2790 362 2848 verberant
384 2797 413 2848 et
438 2798 543 2850 contra
569 2791 637 2848 illos
657 2790 742 2849 Nilus
768 2789 941 2860 descendit,
966 2788 1166 2846 indeventu·

197 2889 251 2932 rus
268 2872 350 2931 unde
372 2873 427 2943 illi,
450 2872 477 2931 si
497 2874 583 2947 origo
603 2873 641 2932 ab
657 2872 715 2932 illis
731 2879 835 2932 esset?
864 2871 1024 2952 Praeterea
1038 2887 1077 2930 ex
1092 2870 1167 2929 mari

200 2971 296 3030 purus
316 2962 346 3013 et
365 2956 524 3015 caeruleus
546 2955 699 3029 efflueret,
719 2973 780 3015 non
802 2963 835 3015 ut
854 2972 934 3014 nunc
955 2956 1092 3015 turbidus
1114 2969 1166 3013 ve·

198 3040 287 3097 niret.
330 3039 435 3113 Adde,
458 3040 542 3113 quod
561 3040 764 3099 testimonium
785 3040 851 3098 eius
872 3040 993 3098 testium
1012 3040 1100 3098 turba
1117 3044 1210 3097 caat

197 3121 344 3195 arguitur.
372 3129 443 3181 tunc
467 3130 530 3182 erat
550 3123 708 3181 mendacio
730 3124 834 3192 locus,
855 3136 923 3179 oum
942 3122 1045 3193 ignota
1065 3129 1169 3179 essent

199 3212 342 3276 externa,
360 3208 407 3277 [aa]
424 3205 536 3264 libebat
550 3206 608 3264 illis
624 3206 743 3263 tabulas
759 3206 898 3262 miscere:
920 3218 1000 3261 nunc
1017 3219 1089 3261 vero
1106 3212 1169 3262 tota

199 3287 299 3348 exteri
313 3289 406 3347 maris
422 3305 477 3348 ora
490 3296 691 3347 mercatorum
707 3286 837 3345 navibus
852 3284 1021 3358 stringitur,
1039 3302 1168 3359 quorum

200 3387 292 3431 nemo
315 3372 451 3431 narrat*
470 3390 550 3433 nunc
569 3374 737 3431 caeruleum
757 3370 854 3428 Nilum
875 3376 926 3428 aut
946 3383 1028 3426 mare
1048 3368 1168 3442 saporis

199 3454 343 3529 alteriuS,
358 3453 374 3490 *
391 3456 475 3529 quod
491 3462 520 3514 et
535 3463 640 3515 natura
657 3456 740 3513 credi
756 3460 851 3522 vetat,
875 3454 946 3527 quia
960 3452 1167 3511 dulcissimum

200 3539 349 3614 quodque
364 3545 394 3598 et
408 3539 594 3598 levissimum
610 3539 656 3597 sol
672 3538 770 3597 trahit.
789 3537 948 3595 Praeterea
963 3550 1057 3610 quare
1070 3535 1210 3595 hiemato

147 3639 158 3661 ·
200 3638 262 3683 non
285 3624 415 3681 crescit?
447 3630 477 3683 et
500 3633 570 3683 tunc
590 3628 692 3696 potest
710 3621 810 3680 ventis
832 3620 975 3679 concitari
996 3635 1093 3689 mare,
1115 3616 1168 3676 ali—

201 3705 327 3783 quando
346 3705 470 3782 quidem
490 3706 670 3769 maioribus:
699 3720 768 3764 nam
789 3704 903 3763 etesiae
916 3702 1074 3779 temperati
1089 3709 1169 3765 sunt
