<?xml version="1.0" encoding="UTF-8"?>
<!DOCTYPE html PUBLIC "-//W3C//DTD XHTML 1.0 Transitional//EN"
    "http://www.w3.org/TR/xhtml1/DTD/xhtml1-transitional.dtd">
<html xmlns="http://www.w3.org/1999/xhtml" xml:lang="en" lang="en">
 <head>
  <title>
</title>
<meta http-equiv="Content-Type" content="text/html;charset=utf-8" />
  <meta name='ocr-system' content='tesseract 3.04.00' />
  <meta name='ocr-capabilities' content='ocr_page ocr_carea ocr_par ocr_line ocrx_word'/>
</head>
<body>
  <div class='ocr_page' id='page_1' title='image "./lannaeisenecaeo07senegoog_0132.png"; bbox 0 0 2942 4384; ppageno 0'>
   <div class='ocr_carea' id='block_1_1' title="bbox 311 432 993 498">
    <p class='ocr_par' dir='ltr' id='par_1_1' title="bbox 311 432 993 498">
     <span class='ocr_line' id='line_1_1' title="bbox 311 432 993 498; baseline -0.004 0"><span class='ocrx_word' id='word_1_1' title='bbox 311 434 374 498; x_wconf 77' lang='lat'>120</span> <span class='ocrx_word' id='word_1_2' title='bbox 597 433 631 494; x_wconf 85' lang='lat' dir='ltr'>L.</span> <span class='ocrx_word' id='word_1_3' title='bbox 649 433 797 493; x_wconf 83' lang='lat' dir='ltr'>ANNAEI</span> <span class='ocrx_word' id='word_1_4' title='bbox 817 432 993 495; x_wconf 78' lang='lat' dir='ltr'>SENECAE</span> 
     </span>
    </p>
   </div>
   <div class='ocr_carea' id='block_1_2' title="bbox 281 571 1327 3566">
    <p class='ocr_par' dir='ltr' id='par_1_2' title="bbox 281 571 1327 3566">
     <span class='ocr_line' id='line_1_2' title="bbox 312 571 1284 665; baseline 0.006 -21"><span class='ocrx_word' id='word_1_5' title='bbox 312 571 494 646; x_wconf 81' lang='lat' dir='ltr'>con&#39;lusione</span> <span class='ocrx_word' id='word_1_6' title='bbox 521 601 622 647; x_wconf 91' lang='lat' dir='ltr'>rerum</span> <span class='ocrx_word' id='word_1_7' title='bbox 648 586 750 646; x_wconf 88' lang='lat' dir='ltr'>sidera</span> <span class='ocrx_word' id='word_1_8' title='bbox 776 585 929 645; x_wconf 83' lang='lat' dir='ltr'>sideribus</span> <span class='ocrx_word' id='word_1_9' title='bbox 959 582 1115 648; x_wconf 81' lang='lat' dir='ltr'>incurrant</span> <span class='ocrx_word' id='word_1_10' title='bbox 1138 593 1171 650; x_wconf 88' lang='lat' dir='ltr'>et</span> <span class='ocrx_word' id='word_1_11' title='bbox 1198 594 1284 665; x_wconf 85' lang='lat' dir='ltr'>rupta</span> 
     </span>
     <span class='ocr_line' id='line_1_3' title="bbox 310 668 1283 747; baseline 0.001 -15"><span class='ocrx_word' id='word_1_12' title='bbox 310 685 411 732; x_wconf 83' lang='lat' dir='ltr'>rerum</span> <span class='ocrx_word' id='word_1_13' title='bbox 428 670 592 730; x_wconf 88' lang='lat' dir='ltr'>concordia</span> <span class='ocrx_word' id='word_1_14' title='bbox 607 670 635 729; x_wconf 91' lang='lat' dir='ltr'>in</span> <span class='ocrx_word' id='word_1_15' title='bbox 652 670 771 729; x_wconf 85' lang='lat' dir='ltr'>ruinam</span> <span class='ocrx_word' id='word_1_16' title='bbox 786 668 891 728; x_wconf 90' lang='lat' dir='ltr'>divina</span> <span class='ocrx_word' id='word_1_17' title='bbox 905 669 1045 729; x_wconf 87' lang='lat' dir='ltr'>labantur</span> <span class='ocrx_word' id='word_1_18' title='bbox 1059 679 1283 747; x_wconf 81' lang='lat' dir='ltr'>contextusque</span> 
     </span>
     <span class='ocr_line' id='line_1_4' title="bbox 311 752 1284 826; baseline 0.004 -15"><span class='ocrx_word' id='word_1_19' title='bbox 311 752 482 813; x_wconf 88' lang='lat' dir='ltr'>velocitatis</span> <span class='ocrx_word' id='word_1_20' title='bbox 505 754 699 812; x_wconf 85' lang='lat' dir='ltr'>citatissimae</span> <span class='ocrx_word' id='word_1_21' title='bbox 719 752 749 811; x_wconf 91' lang='lat' dir='ltr'>in</span> <span class='ocrx_word' id='word_1_22' title='bbox 771 760 814 812; x_wconf 92' lang='lat' dir='ltr'>tot</span> <span class='ocrx_word' id='word_1_23' title='bbox 835 753 940 812; x_wconf 86' lang='lat' dir='ltr'>secula</span> <span class='ocrx_word' id='word_1_24' title='bbox 961 753 1133 826; x_wconf 85' lang='lat' dir='ltr'>promissas</span> <span class='ocrx_word' id='word_1_25' title='bbox 1153 756 1284 815; x_wconf 84' lang='lat' dir='ltr'>vicesin</span> 
     </span>
     <span class='ocr_line' id='line_1_5' title="bbox 311 836 1281 909; baseline 0.005 -15"><span class='ocrx_word' id='word_1_26' title='bbox 311 836 411 895; x_wconf 88' lang='lat' dir='ltr'>medio</span> <span class='ocrx_word' id='word_1_27' title='bbox 428 836 532 895; x_wconf 88' lang='lat' dir='ltr'>itinere</span> <span class='ocrx_word' id='word_1_28' title='bbox 544 836 686 895; x_wconf 89' lang='lat' dir='ltr'>destituat</span> <span class='ocrx_word' id='word_1_29' title='bbox 696 844 726 895; x_wconf 88' lang='lat' dir='ltr'>et</span> <span class='ocrx_word' id='word_1_30' title='bbox 739 852 818 909; x_wconf 90' lang='lat' dir='ltr'>quae</span> <span class='ocrx_word' id='word_1_31' title='bbox 830 851 910 895; x_wconf 92' lang='lat' dir='ltr'>nunc</span> <span class='ocrx_word' id='word_1_32' title='bbox 922 843 995 895; x_wconf 88' lang='lat' dir='ltr'>eunt</span> <span class='ocrx_word' id='word_1_33' title='bbox 1005 837 1131 897; x_wconf 81' lang='lat' dir='ltr'>alternis</span> <span class='ocrx_word' id='word_1_34' title='bbox 1142 839 1281 899; x_wconf 88' lang='lat' dir='ltr'>redeunt·</span> 
     </span>
     <span class='ocr_line' id='line_1_6' title="bbox 312 918 1281 997; baseline 0.004 -19"><span class='ocrx_word' id='word_1_35' title='bbox 312 935 372 993; x_wconf 89' lang='lat' dir='ltr'>que</span> <span class='ocrx_word' id='word_1_36' title='bbox 388 918 569 992; x_wconf 84' lang='lat' dir='ltr'>opportunis</span> <span class='ocrx_word' id='word_1_37' title='bbox 585 919 769 978; x_wconf 81' lang='lat' dir='ltr'>libramentis</span> <span class='ocrx_word' id='word_1_38' title='bbox 784 920 929 978; x_wconf 89' lang='lat' dir='ltr'>mundum</span> <span class='ocrx_word' id='word_1_39' title='bbox 944 934 983 977; x_wconf 87' lang='lat' dir='ltr'>ex</span> <span class='ocrx_word' id='word_1_40' title='bbox 998 935 1099 993; x_wconf 87' lang='lat' dir='ltr'>aequo</span> <span class='ocrx_word' id='word_1_41' title='bbox 1114 928 1281 997; x_wconf 88' lang='lat' dir='ltr'>temperan-</span> 
     </span>
     <span class='ocr_line' id='line_1_7' title="bbox 311 1000 1283 1076; baseline 0.004 -15"><span class='ocrx_word' id='word_1_42' title='bbox 311 1000 366 1074; x_wconf 88' lang='lat' dir='ltr'>tia,</span> <span class='ocrx_word' id='word_1_43' title='bbox 388 1002 549 1076; x_wconf 91' lang='lat' dir='ltr'>repentino</span> <span class='ocrx_word' id='word_1_44' title='bbox 559 1010 789 1062; x_wconf 88' lang='lat' dir='ltr'>concrementur</span> <span class='ocrx_word' id='word_1_45' title='bbox 801 1002 943 1061; x_wconf 88' lang='lat' dir='ltr'>incendio</span> <span class='ocrx_word' id='word_1_46' title='bbox 955 1010 985 1061; x_wconf 91' lang='lat' dir='ltr'>et</span> <span class='ocrx_word' id='word_1_47' title='bbox 995 1019 1034 1062; x_wconf 88' lang='lat' dir='ltr'>ex</span> <span class='ocrx_word' id='word_1_48' title='bbox 1046 1010 1129 1063; x_wconf 90' lang='lat' dir='ltr'>tanta</span> <span class='ocrx_word' id='word_1_49' title='bbox 1142 1006 1283 1065; x_wconf 81' lang='lat' dir='ltr'>varietate</span> 
     </span>
     <span class='ocr_line' id='line_1_8' title="bbox 311 1084 1280 1163; baseline 0.003 -20"><span class='ocrx_word' id='word_1_50' title='bbox 311 1087 471 1144; x_wconf 88' lang='lat' dir='ltr'>solvantur</span> <span class='ocrx_word' id='word_1_51' title='bbox 484 1091 575 1159; x_wconf 88' lang='lat' dir='ltr'>atque</span> <span class='ocrx_word' id='word_1_52' title='bbox 590 1092 660 1144; x_wconf 85' lang='lat' dir='ltr'>eant</span> <span class='ocrx_word' id='word_1_53' title='bbox 673 1085 701 1144; x_wconf 91' lang='lat' dir='ltr'>in</span> <span class='ocrx_word' id='word_1_54' title='bbox 717 1102 811 1144; x_wconf 91' lang='lat' dir='ltr'>unum</span> <span class='ocrx_word' id='word_1_55' title='bbox 826 1086 936 1144; x_wconf 89' lang='lat' dir='ltr'>omnia.</span> <span class='ocrx_word' id='word_1_56' title='bbox 964 1084 1044 1159; x_wconf 82' lang='lat' dir='ltr'>ignis</span> <span class='ocrx_word' id='word_1_57' title='bbox 1059 1096 1171 1147; x_wconf 86' lang='lat' dir='ltr'>cuncta</span> <span class='ocrx_word' id='word_1_58' title='bbox 1186 1086 1280 1163; x_wconf 85' lang='lat' dir='ltr'>possi·</span> 
     </span>
     <span class='ocr_line' id='line_1_9' title="bbox 312 1167 1283 1244; baseline 0.004 -19"><span class='ocrx_word' id='word_1_59' title='bbox 312 1167 397 1238; x_wconf 87' lang='lat' dir='ltr'>deal,</span> <span class='ocrx_word' id='word_1_60' title='bbox 415 1183 505 1241; x_wconf 90' lang='lat' dir='ltr'>quern</span> <span class='ocrx_word' id='word_1_61' title='bbox 520 1168 631 1227; x_wconf 89' lang='lat' dir='ltr'>deinde</span> <span class='ocrx_word' id='word_1_62' title='bbox 646 1169 734 1243; x_wconf 81' lang='lat' dir='ltr'>pigra</span> <span class='ocrx_word' id='word_1_63' title='bbox 746 1185 808 1228; x_wconf 87' lang='lat' dir='ltr'>nox</span> <span class='ocrx_word' id='word_1_64' title='bbox 820 1177 950 1242; x_wconf 86' lang='lat' dir='ltr'>occupet</span> <span class='ocrx_word' id='word_1_65' title='bbox 961 1176 992 1227; x_wconf 87' lang='lat' dir='ltr'>et</span> <span class='ocrx_word' id='word_1_66' title='bbox 1002 1170 1156 1244; x_wconf 91' lang='lat' dir='ltr'>prolunda</span> <span class='ocrx_word' id='word_1_67' title='bbox 1168 1186 1283 1244; x_wconf 78' lang='lat' dir='ltr'>vorago</span> 
     </span>
     <span class='ocr_line' id='line_1_10' title="bbox 310 1250 1281 1326; baseline 0.001 -16"><span class='ocrx_word' id='word_1_68' title='bbox 310 1256 355 1310; x_wconf 91' lang='lat' dir='ltr'>tot</span> <span class='ocrx_word' id='word_1_69' title='bbox 375 1250 452 1310; x_wconf 86' lang='lat' dir='ltr'>deos</span> <span class='ocrx_word' id='word_1_70' title='bbox 475 1252 611 1311; x_wconf 75' lang='lat' dir='ltr'>sorbeatr</span> <span class='ocrx_word' id='word_1_71' title='bbox 639 1259 686 1311; x_wconf 91' lang='lat' dir='ltr'>est</span> <span class='ocrx_word' id='word_1_72' title='bbox 706 1252 794 1323; x_wconf 88' lang='lat' dir='ltr'>tanti,</span> <span class='ocrx_word' id='word_1_73' title='bbox 817 1258 850 1310; x_wconf 91' lang='lat' dir='ltr'>ut</span> <span class='ocrx_word' id='word_1_74' title='bbox 871 1258 903 1311; x_wconf 90' lang='lat' dir='ltr'>tu</span> <span class='ocrx_word' id='word_1_75' title='bbox 923 1253 1115 1326; x_wconf 81' lang='lat' dir='ltr'>coarguaris,</span> <span class='ocrx_word' id='word_1_76' title='bbox 1137 1252 1199 1313; x_wconf 80' lang='lat' dir='ltr'>ista</span> <span class='ocrx_word' id='word_1_77' title='bbox 1214 1269 1281 1313; x_wconf 94' lang='lat' dir='ltr'>con·</span> 
     </span>
     <span class='ocr_line' id='line_1_11' title="bbox 312 1333 1282 1408; baseline 0.002 -16"><span class='ocrx_word' id='word_1_78' title='bbox 312 1333 435 1392; x_wconf 82' lang='lat' dir='ltr'>cidere&#39;l</span> <span class='ocrx_word' id='word_1_79' title='bbox 467 1334 598 1395; x_wconf 87' lang='lat' dir='ltr'>Prosunt</span> <span class='ocrx_word' id='word_1_80' title='bbox 610 1335 661 1394; x_wconf 90' lang='lat' dir='ltr'>tibi</span> <span class='ocrx_word' id='word_1_81' title='bbox 676 1338 765 1394; x_wconf 87' lang='lat' dir='ltr'>etiam</span> <span class='ocrx_word' id='word_1_82' title='bbox 782 1335 875 1395; x_wconf 88' lang='lat' dir='ltr'>invito</span> <span class='ocrx_word' id='word_1_83' title='bbox 891 1341 1025 1408; x_wconf 87' lang='lat' dir='ltr'>euntque</span> <span class='ocrx_word' id='word_1_84' title='bbox 1039 1334 1098 1394; x_wconf 89' lang='lat' dir='ltr'>ista</span> <span class='ocrx_word' id='word_1_85' title='bbox 1114 1343 1167 1396; x_wconf 84' lang='lat' dir='ltr'>tua</span> <span class='ocrx_word' id='word_1_86' title='bbox 1182 1349 1282 1408; x_wconf 66' lang='lat' dir='ltr'>musa,</span> 
     </span>
     <span class='ocr_line' id='line_1_12' title="bbox 311 1416 1327 1492; baseline 0.003 -17"><span class='ocrx_word' id='word_1_87' title='bbox 311 1416 429 1476; x_wconf 85' lang='lat' dir='ltr'>etiarnsi</span> <span class='ocrx_word' id='word_1_88' title='bbox 444 1418 540 1478; x_wconf 92' lang='lat' dir='ltr'>maior</span> <span class='ocrx_word' id='word_1_89' title='bbox 553 1418 611 1477; x_wconf 88' lang='lat' dir='ltr'>illis</span> <span class='ocrx_word' id='word_1_90' title='bbox 627 1420 685 1478; x_wconf 87' lang='lat' dir='ltr'>alia</span> <span class='ocrx_word' id='word_1_91' title='bbox 699 1434 735 1477; x_wconf 88' lang='lat' dir='ltr'>ac</span> <span class='ocrx_word' id='word_1_92' title='bbox 752 1417 836 1492; x_wconf 92' lang='lat' dir='ltr'>prior</span> <span class='ocrx_word' id='word_1_93' title='bbox 851 1424 1017 1477; x_wconf 87' lang='lat' dir='ltr'>causaest.</span> <span class='ocrx_word' id='word_1_94' title='bbox 1326 1438 1327 1443; x_wconf 48' lang='lat'>¹</span> 
     </span>
     <span class='ocr_line' id='line_1_13' title="bbox 285 1499 1281 1578; baseline 0.001 -20"><span class='ocrx_word' id='word_1_95' title='bbox 285 1520 299 1571; x_wconf 86' lang='lat'>1</span> <span class='ocrx_word' id='word_1_96' title='bbox 373 1499 476 1559; x_wconf 75' lang='lat' dir='ltr'>lctllt</span> <span class='ocrx_word' id='word_1_97' title='bbox 506 1500 604 1561; x_wconf 81' lang='lat' dir='ltr'>Adice</span> <span class='ocrx_word' id='word_1_98' title='bbox 624 1517 729 1578; x_wconf 84' lang='lat' dir='ltr'>nunc,</span> <span class='ocrx_word' id='word_1_99' title='bbox 744 1500 828 1574; x_wconf 87' lang='lat' dir='ltr'>quod</span> <span class='ocrx_word' id='word_1_100' title='bbox 846 1517 907 1561; x_wconf 94' lang='lat' dir='ltr'>non</span> <span class='ocrx_word' id='word_1_101' title='bbox 928 1508 1054 1560; x_wconf 87' lang='lat' dir='ltr'>externa</span> <span class='ocrx_word' id='word_1_102' title='bbox 1068 1506 1185 1575; x_wconf 81' lang='lat' dir='ltr'>cogunt</span> <span class='ocrx_word' id='word_1_103' title='bbox 1198 1500 1281 1572; x_wconf 89' lang='lat' dir='ltr'>deos,</span> 
     </span>
     <span class='ocr_line' id='line_1_14' title="bbox 312 1583 1284 1657; baseline 0.002 -16"><span class='ocrx_word' id='word_1_104' title='bbox 312 1583 366 1641; x_wconf 88' lang='lat' dir='ltr'>sed</span> <span class='ocrx_word' id='word_1_105' title='bbox 388 1599 445 1641; x_wconf 87' lang='lat' dir='ltr'>sua</span> <span class='ocrx_word' id='word_1_106' title='bbox 470 1583 528 1642; x_wconf 90' lang='lat' dir='ltr'>illis</span> <span class='ocrx_word' id='word_1_107' title='bbox 550 1583 578 1641; x_wconf 93' lang='lat' dir='ltr'>in</span> <span class='ocrx_word' id='word_1_108' title='bbox 601 1584 697 1657; x_wconf 81' lang='lat' dir='ltr'>legem</span> <span class='ocrx_word' id='word_1_109' title='bbox 719 1593 843 1643; x_wconf 87' lang='lat' dir='ltr'>aeterna</span> <span class='ocrx_word' id='word_1_110' title='bbox 861 1586 1003 1643; x_wconf 80' lang='lat' dir='ltr'>voluntas</span> <span class='ocrx_word' id='word_1_111' title='bbox 1027 1592 1083 1643; x_wconf 82' lang='lat' dir='ltr'>est</span> <span class='ocrx_word' id='word_1_112' title='bbox 1116 1590 1284 1643; x_wconf 89' lang='lat' dir='ltr'>statuerunt</span> 
     </span>
     <span class='ocr_line' id='line_1_15' title="bbox 312 1665 1282 1741; baseline 0 -17"><span class='ocrx_word' id='word_1_113' title='bbox 312 1681 391 1737; x_wconf 87' lang='lat' dir='ltr'>quae</span> <span class='ocrx_word' id='word_1_114' title='bbox 406 1682 466 1724; x_wconf 94' lang='lat' dir='ltr'>non</span> <span class='ocrx_word' id='word_1_115' title='bbox 482 1673 646 1725; x_wconf 79' lang='lat' dir='ltr'>ructarent:</span> <span class='ocrx_word' id='word_1_116' title='bbox 667 1665 770 1738; x_wconf 88' lang='lat' dir='ltr'>itaque</span> <span class='ocrx_word' id='word_1_117' title='bbox 784 1683 846 1726; x_wconf 91' lang='lat' dir='ltr'>non</span> <span class='ocrx_word' id='word_1_118' title='bbox 859 1665 1097 1741; x_wconf 88' lang='lat' dir='ltr'>possuntvlderi</span> <span class='ocrx_word' id='word_1_119' title='bbox 1112 1665 1220 1725; x_wconf 82' lang='lat' dir='ltr'>tacturi</span> <span class='ocrx_word' id='word_1_120' title='bbox 1232 1666 1282 1724; x_wconf 86' lang='lat' dir='ltr'>ali·</span> 
     </span>
     <span class='ocr_line' id='line_1_16' title="bbox 312 1747 1283 1825; baseline 0.002 -20"><span class='ocrx_word' id='word_1_121' title='bbox 312 1748 400 1821; x_wconf 90' lang='lat' dir='ltr'>quid,</span> <span class='ocrx_word' id='word_1_122' title='bbox 417 1751 556 1821; x_wconf 88' lang='lat' dir='ltr'>quamvis</span> <span class='ocrx_word' id='word_1_123' title='bbox 578 1749 687 1821; x_wconf 86' lang='lat' dir='ltr'>nolint,</span> <span class='ocrx_word' id='word_1_124' title='bbox 711 1748 783 1823; x_wconf 91' lang='lat' dir='ltr'>quia</span> <span class='ocrx_word' id='word_1_125' title='bbox 804 1748 950 1825; x_wconf 90' lang='lat' dir='ltr'>quicquid</span> <span class='ocrx_word' id='word_1_126' title='bbox 972 1747 1114 1809; x_wconf 82' lang='lat' dir='ltr'>desinere</span> <span class='ocrx_word' id='word_1_127' title='bbox 1134 1765 1197 1809; x_wconf 91' lang='lat' dir='ltr'>non</span> <span class='ocrx_word' id='word_1_128' title='bbox 1212 1764 1283 1823; x_wconf 76' lang='lat' dir='ltr'>pos</span> 
     </span>
     <span class='ocr_line' id='line_1_17' title="bbox 311 1829 1283 1907; baseline 0 -18"><span class='ocrx_word' id='word_1_129' title='bbox 311 1837 395 1901; x_wconf 88' lang='lat' dir='ltr'>sunt,</span> <span class='ocrx_word' id='word_1_130' title='bbox 419 1845 617 1903; x_wconf 84' lang='lat' dir='ltr'>perseverare</span> <span class='ocrx_word' id='word_1_131' title='bbox 632 1832 808 1905; x_wconf 88' lang='lat' dir='ltr'>voluerunt,</span> <span class='ocrx_word' id='word_1_132' title='bbox 830 1848 887 1891; x_wconf 88' lang='lat' dir='ltr'>nec</span> <span class='ocrx_word' id='word_1_133' title='bbox 901 1847 1043 1907; x_wconf 89' lang='lat' dir='ltr'>umquam</span> <span class='ocrx_word' id='word_1_134' title='bbox 1060 1829 1148 1905; x_wconf 91' lang='lat' dir='ltr'>primi</span> <span class='ocrx_word' id='word_1_135' title='bbox 1164 1830 1283 1891; x_wconf 91' lang='lat' dir='ltr'>consilii</span> 
     </span>
     <span class='ocr_line' id='line_1_18' title="bbox 282 1912 1282 1987; baseline 0 -16"><span class='ocrx_word' id='word_1_136' title='bbox 282 1913 388 1979; x_wconf 72' lang='lat' dir='ltr'>adeos</span> <span class='ocrx_word' id='word_1_137' title='bbox 405 1914 548 1987; x_wconf 89' lang='lat' dir='ltr'>poenitet.</span> <span class='ocrx_word' id='word_1_138' title='bbox 571 1912 643 1974; x_wconf 90' lang='lat' dir='ltr'>Sine</span> <span class='ocrx_word' id='word_1_139' title='bbox 658 1914 751 1974; x_wconf 89' lang='lat' dir='ltr'>dubio</span> <span class='ocrx_word' id='word_1_140' title='bbox 767 1922 848 1974; x_wconf 88' lang='lat' dir='ltr'>stare</span> <span class='ocrx_word' id='word_1_141' title='bbox 862 1916 920 1975; x_wconf 92' lang='lat' dir='ltr'>illis</span> <span class='ocrx_word' id='word_1_142' title='bbox 936 1923 966 1975; x_wconf 91' lang='lat' dir='ltr'>et</span> <span class='ocrx_word' id='word_1_143' title='bbox 980 1914 1154 1974; x_wconf 86' lang='lat' dir='ltr'>desciscere</span> <span class='ocrx_word' id='word_1_144' title='bbox 1169 1914 1200 1973; x_wconf 93' lang='lat' dir='ltr'>in</span> <span class='ocrx_word' id='word_1_145' title='bbox 1213 1929 1282 1974; x_wconf 90' lang='lat' dir='ltr'>con-</span> 
     </span>
     <span class='ocr_line' id='line_1_19' title="bbox 313 1990 1283 2072; baseline 0.001 -18"><span class='ocrx_word' id='word_1_146' title='bbox 313 1990 446 2055; x_wconf 88' lang='lat' dir='ltr'>trarium</span> <span class='ocrx_word' id='word_1_147' title='bbox 458 2013 519 2057; x_wconf 91' lang='lat' dir='ltr'>non</span> <span class='ocrx_word' id='word_1_148' title='bbox 540 1996 625 2071; x_wconf 88' lang='lat' dir='ltr'>licet,</span> <span class='ocrx_word' id='word_1_149' title='bbox 648 1998 780 2059; x_wconf 88' lang='lat' dir='ltr'>sednon</span> <span class='ocrx_word' id='word_1_150' title='bbox 795 1999 834 2058; x_wconf 91' lang='lat' dir='ltr'>ob</span> <span class='ocrx_word' id='word_1_151' title='bbox 849 1998 945 2070; x_wconf 90' lang='lat' dir='ltr'>aliud,</span> <span class='ocrx_word' id='word_1_152' title='bbox 970 2012 1060 2072; x_wconf 87' lang='lat' dir='ltr'>quarn</span> <span class='ocrx_word' id='word_1_153' title='bbox 1076 1996 1148 2070; x_wconf 87' lang='lat' dir='ltr'>quia</span> <span class='ocrx_word' id='word_1_154' title='bbox 1164 1998 1212 2057; x_wconf 87' lang='lat' dir='ltr'>vis</span> <span class='ocrx_word' id='word_1_155' title='bbox 1228 2011 1283 2057; x_wconf 82' lang='lat' dir='ltr'>sua</span> 
     </span>
     <span class='ocr_line' id='line_1_20' title="bbox 311 2078 1282 2155; baseline 0.001 -17"><span class='ocrx_word' id='word_1_156' title='bbox 311 2079 380 2139; x_wconf 91' lang='lat' dir='ltr'>illos</span> <span class='ocrx_word' id='word_1_157' title='bbox 400 2080 430 2139; x_wconf 93' lang='lat' dir='ltr'>in</span> <span class='ocrx_word' id='word_1_158' title='bbox 447 2083 605 2155; x_wconf 88' lang='lat' dir='ltr'>proposito</span> <span class='ocrx_word' id='word_1_159' title='bbox 621 2089 711 2144; x_wconf 87' lang='lat' dir='ltr'>tenet.</span> <span class='ocrx_word' id='word_1_160' title='bbox 732 2098 790 2141; x_wconf 90' lang='lat' dir='ltr'>neo</span> <span class='ocrx_word' id='word_1_161' title='bbox 807 2081 998 2142; x_wconf 87' lang='lat' dir='ltr'>inbecillitate</span> <span class='ocrx_word' id='word_1_162' title='bbox 1012 2087 1207 2155; x_wconf 87' lang='lat' dir='ltr'>permanent,</span> <span class='ocrx_word' id='word_1_163' title='bbox 1229 2078 1282 2139; x_wconf 90' lang='lat' dir='ltr'>sed</span> 
     </span>
     <span class='ocr_line' id='line_1_21' title="bbox 312 2162 1283 2240; baseline -0.003 -17"><span class='ocrx_word' id='word_1_164' title='bbox 312 2165 382 2238; x_wconf 88' lang='lat' dir='ltr'>quia</span> <span class='ocrx_word' id='word_1_165' title='bbox 396 2181 457 2225; x_wconf 94' lang='lat' dir='ltr'>non</span> <span class='ocrx_word' id='word_1_166' title='bbox 472 2166 544 2224; x_wconf 86' lang='lat' dir='ltr'>libel</span> <span class='ocrx_word' id='word_1_167' title='bbox 558 2165 596 2223; x_wconf 88' lang='lat' dir='ltr'>ab</span> <span class='ocrx_word' id='word_1_168' title='bbox 613 2162 734 2240; x_wconf 89' lang='lat' dir='ltr'>optimis</span> <span class='ocrx_word' id='word_1_169' title='bbox 750 2164 892 2224; x_wconf 88' lang='lat' dir='ltr'>aberrare</span> <span class='ocrx_word' id='word_1_170' title='bbox 905 2164 991 2223; x_wconf 84' lang='lat' dir='ltr'>etsie</span> <span class='ocrx_word' id='word_1_171' title='bbox 1005 2163 1048 2221; x_wconf 89' lang='lat' dir='ltr'>ire</span> <span class='ocrx_word' id='word_1_172' title='bbox 1059 2162 1216 2232; x_wconf 85' lang='lat' dir='ltr'>decretum</span> <span class='ocrx_word' id='word_1_173' title='bbox 1227 2170 1283 2221; x_wconf 87' lang='lat' dir='ltr'>est</span> 
     </span>
     <span class='ocr_line' id='line_1_22' title="bbox 281 2246 1282 2321; baseline -0.001 -17"><span class='ocrx_word' id='word_1_174' title='bbox 281 2246 344 2314; x_wconf 82' lang='lat' dir='ltr'>aln</span> <span class='ocrx_word' id='word_1_175' title='bbox 362 2249 457 2321; x_wconf 91' lang='lat' dir='ltr'>prima</span> <span class='ocrx_word' id='word_1_176' title='bbox 472 2255 570 2307; x_wconf 88' lang='lat' dir='ltr'>autem</span> <span class='ocrx_word' id='word_1_177' title='bbox 585 2248 635 2307; x_wconf 89' lang='lat' dir='ltr'>illa</span> <span class='ocrx_word' id='word_1_178' title='bbox 651 2248 881 2318; x_wconf 85' lang='lat' dir='ltr'>constitutione,</span> <span class='ocrx_word' id='word_1_179' title='bbox 903 2262 971 2306; x_wconf 91' lang='lat' dir='ltr'>cum</span> <span class='ocrx_word' id='word_1_180' title='bbox 982 2246 1126 2306; x_wconf 87' lang='lat' dir='ltr'>universa</span> <span class='ocrx_word' id='word_1_181' title='bbox 1138 2246 1282 2320; x_wconf 78' lang='lat' dir='ltr'>dispone</span> 
     </span>
     <span class='ocr_line' id='line_1_23' title="bbox 310 2328 1283 2404; baseline -0.001 -16"><span class='ocrx_word' id='word_1_182' title='bbox 310 2338 393 2402; x_wconf 90' lang='lat' dir='ltr'>rent,</span> <span class='ocrx_word' id='word_1_183' title='bbox 413 2331 503 2389; x_wconf 90' lang='lat' dir='ltr'>etiam</span> <span class='ocrx_word' id='word_1_184' title='bbox 523 2337 629 2390; x_wconf 83' lang='lat' dir='ltr'>nostro</span> <span class='ocrx_word' id='word_1_185' title='bbox 642 2330 784 2391; x_wconf 87' lang='lat' dir='ltr'>viderunt</span> <span class='ocrx_word' id='word_1_186' title='bbox 797 2331 1005 2404; x_wconf 84' lang='lat' dir='ltr'>rationemque</span> <span class='ocrx_word' id='word_1_187' title='bbox 1019 2328 1152 2390; x_wconf 89' lang='lat' dir='ltr'>hominis</span> <span class='ocrx_word' id='word_1_188' title='bbox 1170 2328 1283 2387; x_wconf 86' lang='lat' dir='ltr'>trabuc-</span> 
     </span>
     <span class='ocr_line' id='line_1_24' title="bbox 310 2412 1282 2489; baseline -0.001 -20"><span class='ocrx_word' id='word_1_189' title='bbox 310 2419 390 2471; x_wconf 90' lang='lat' dir='ltr'>runt.</span> <span class='ocrx_word' id='word_1_190' title='bbox 411 2412 515 2486; x_wconf 86' lang='lat' dir='ltr'>itaque</span> <span class='ocrx_word' id='word_1_191' title='bbox 530 2429 590 2472; x_wconf 94' lang='lat' dir='ltr'>non</span> <span class='ocrx_word' id='word_1_192' title='bbox 607 2422 741 2489; x_wconf 87' lang='lat' dir='ltr'>possunt</span> <span class='ocrx_word' id='word_1_193' title='bbox 753 2412 851 2473; x_wconf 90' lang='lat' dir='ltr'>videri</span> <span class='ocrx_word' id='word_1_194' title='bbox 866 2429 922 2473; x_wconf 88' lang='lat' dir='ltr'>sua</span> <span class='ocrx_word' id='word_1_195' title='bbox 936 2419 1050 2471; x_wconf 84' lang='lat' dir='ltr'>tantum</span> <span class='ocrx_word' id='word_1_196' title='bbox 1066 2426 1162 2470; x_wconf 89' lang='lat' dir='ltr'>causa</span> <span class='ocrx_word' id='word_1_197' title='bbox 1175 2412 1282 2471; x_wconf 87' lang='lat' dir='ltr'>decur-</span> 
     </span>
     <span class='ocr_line' id='line_1_25' title="bbox 310 2492 1284 2571; baseline -0.002 -18"><span class='ocrx_word' id='word_1_198' title='bbox 310 2510 379 2555; x_wconf 90' lang='lat' dir='ltr'>rere</span> <span class='ocrx_word' id='word_1_199' title='bbox 400 2504 429 2558; x_wconf 88' lang='lat' dir='ltr'>et</span> <span class='ocrx_word' id='word_1_200' title='bbox 447 2496 601 2571; x_wconf 86' lang='lat' dir='ltr'>explicare</span> <span class='ocrx_word' id='word_1_201' title='bbox 616 2513 695 2571; x_wconf 89' lang='lat' dir='ltr'>opus</span> <span class='ocrx_word' id='word_1_202' title='bbox 712 2513 814 2570; x_wconf 90' lang='lat' dir='ltr'>snum,</span> <span class='ocrx_word' id='word_1_203' title='bbox 837 2498 908 2571; x_wconf 85' lang='lat' dir='ltr'>quia</span> <span class='ocrx_word' id='word_1_204' title='bbox 924 2510 995 2569; x_wconf 93' lang='lat' dir='ltr'>pars</span> <span class='ocrx_word' id='word_1_205' title='bbox 1013 2492 1116 2567; x_wconf 90' lang='lat' dir='ltr'>operis</span> <span class='ocrx_word' id='word_1_206' title='bbox 1132 2508 1240 2553; x_wconf 89' lang='lat' dir='ltr'>sumus</span> <span class='ocrx_word' id='word_1_207' title='bbox 1255 2498 1284 2551; x_wconf 88' lang='lat' dir='ltr'>et</span> 
     </span>
     <span class='ocr_line' id='line_1_26' title="bbox 311 2575 1283 2654; baseline -0.005 -16"><span class='ocrx_word' id='word_1_208' title='bbox 311 2596 386 2639; x_wconf 81' lang='lat' dir='ltr'>nos=</span> <span class='ocrx_word' id='word_1_209' title='bbox 407 2579 555 2640; x_wconf 89' lang='lat' dir='ltr'>debemus</span> <span class='ocrx_word' id='word_1_210' title='bbox 570 2595 643 2654; x_wconf 83' lang='lat' dir='ltr'>ergo</span> <span class='ocrx_word' id='word_1_211' title='bbox 659 2588 688 2640; x_wconf 90' lang='lat' dir='ltr'>et</span> <span class='ocrx_word' id='word_1_212' title='bbox 703 2580 761 2639; x_wconf 93' lang='lat' dir='ltr'>soli</span> <span class='ocrx_word' id='word_1_213' title='bbox 776 2586 807 2638; x_wconf 91' lang='lat' dir='ltr'>et</span> <span class='ocrx_word' id='word_1_214' title='bbox 825 2580 914 2638; x_wconf 86' lang='lat' dir='ltr'>lunae</span> <span class='ocrx_word' id='word_1_215' title='bbox 928 2586 958 2637; x_wconf 89' lang='lat' dir='ltr'>et</span> <span class='ocrx_word' id='word_1_216' title='bbox 971 2576 1081 2636; x_wconf 86' lang='lat' dir='ltr'>ceteris</span> <span class='ocrx_word' id='word_1_217' title='bbox 1097 2575 1283 2635; x_wconf 86' lang='lat' dir='ltr'>coelestibus</span> 
     </span>
     <span class='ocr_line' id='line_1_27' title="bbox 310 2658 1282 2738; baseline -0.004 -17"><span class='ocrx_word' id='word_1_218' title='bbox 310 2662 507 2737; x_wconf 86' lang='lat' dir='ltr'>beneficium,</span> <span class='ocrx_word' id='word_1_219' title='bbox 531 2661 617 2738; x_wconf 86' lang='lat' dir='ltr'>quia,</span> <span class='ocrx_word' id='word_1_220' title='bbox 640 2662 757 2722; x_wconf 83' lang='lat' dir='ltr'>etiamsi</span> <span class='ocrx_word' id='word_1_221' title='bbox 773 2660 889 2736; x_wconf 88' lang='lat' dir='ltr'>potiora</span> <span class='ocrx_word' id='word_1_222' title='bbox 905 2660 964 2719; x_wconf 91' lang='lat' dir='ltr'>illis</span> <span class='ocrx_word' id='word_1_223' title='bbox 981 2665 1066 2730; x_wconf 90' lang='lat' dir='ltr'>sunt,</span> <span class='ocrx_word' id='word_1_224' title='bbox 1089 2659 1120 2717; x_wconf 92' lang='lat' dir='ltr'>in</span> <span class='ocrx_word' id='word_1_225' title='bbox 1133 2674 1214 2733; x_wconf 87' lang='lat' dir='ltr'>quae</span> <span class='ocrx_word' id='word_1_226' title='bbox 1225 2658 1282 2717; x_wconf 87' lang='lat' dir='ltr'>ori·</span> 
     </span>
     <span class='ocr_line' id='line_1_28' title="bbox 281 2741 1283 2821; baseline -0.006 -14"><span class='ocrx_word' id='word_1_227' title='bbox 281 2755 410 2821; x_wconf 67' lang='lat' dir='ltr'>duntur,</span> <span class='ocrx_word' id='word_1_228' title='bbox 433 2763 490 2807; x_wconf 90' lang='lat' dir='ltr'>nos</span> <span class='ocrx_word' id='word_1_229' title='bbox 507 2754 607 2808; x_wconf 88' lang='lat' dir='ltr'>tamen</span> <span class='ocrx_word' id='word_1_230' title='bbox 625 2748 654 2806; x_wconf 92' lang='lat' dir='ltr'>in</span> <span class='ocrx_word' id='word_1_231' title='bbox 669 2746 786 2805; x_wconf 88' lang='lat' dir='ltr'>maiora</span> <span class='ocrx_word' id='word_1_232' title='bbox 800 2744 867 2802; x_wconf 89' lang='lat' dir='ltr'>ituri</span> <span class='ocrx_word' id='word_1_233' title='bbox 881 2742 994 2802; x_wconf 88' lang='lat' dir='ltr'>iuvant.</span> <span class='ocrx_word' id='word_1_234' title='bbox 1029 2741 1128 2800; x_wconf 86' lang='lat' dir='ltr'>Adice</span> <span class='ocrx_word' id='word_1_235' title='bbox 1143 2742 1229 2816; x_wconf 88' lang='lat' dir='ltr'>quod</span> <span class='ocrx_word' id='word_1_236' title='bbox 1245 2756 1283 2801; x_wconf 86' lang='lat' dir='ltr'>ex</span> 
     </span>
     <span class='ocr_line' id='line_1_29' title="bbox 311 2824 1281 2901; baseline -0.006 -13"><span class='ocrx_word' id='word_1_237' title='bbox 311 2830 463 2889; x_wconf 85' lang='lat' dir='ltr'>destinato</span> <span class='ocrx_word' id='word_1_238' title='bbox 483 2831 601 2901; x_wconf 88' lang='lat' dir='ltr'>iuvant,</span> <span class='ocrx_word' id='word_1_239' title='bbox 630 2829 763 2901; x_wconf 89' lang='lat' dir='ltr'>ideoque</span> <span class='ocrx_word' id='word_1_240' title='bbox 784 2824 907 2899; x_wconf 81' lang='lat' dir='ltr'>obligati</span> <span class='ocrx_word' id='word_1_241' title='bbox 929 2840 1053 2897; x_wconf 79' lang='lat' dir='ltr'>sumuS,</span> <span class='ocrx_word' id='word_1_242' title='bbox 1079 2824 1151 2898; x_wconf 85' lang='lat' dir='ltr'>quia</span> <span class='ocrx_word' id='word_1_243' title='bbox 1172 2824 1281 2883; x_wconf 90' lang='lat' dir='ltr'>nonin</span> 
     </span>
     <span class='ocr_line' id='line_1_30' title="bbox 310 2905 1289 2984; baseline -0.004 -15"><span class='ocrx_word' id='word_1_244' title='bbox 310 2911 492 2969; x_wconf 84' lang='lat' dir='ltr'>beneficium</span> <span class='ocrx_word' id='word_1_245' title='bbox 509 2911 710 2984; x_wconf 83' lang='lat' dir='ltr'>ignorantium</span> <span class='ocrx_word' id='word_1_246' title='bbox 725 2908 902 2980; x_wconf 87' lang='lat' dir='ltr'>incidimus,</span> <span class='ocrx_word' id='word_1_247' title='bbox 923 2909 981 2968; x_wconf 86' lang='lat' dir='ltr'>sed</span> <span class='ocrx_word' id='word_1_248' title='bbox 995 2909 1086 2980; x_wconf 83' lang='lat' dir='ltr'>haec,</span> <span class='ocrx_word' id='word_1_249' title='bbox 1109 2922 1190 2981; x_wconf 84' lang='lat' dir='ltr'>quae</span> <span class='ocrx_word' id='word_1_250' title='bbox 1204 2905 1289 2966; x_wconf 78' lang='lat' dir='ltr'>acci·</span> 
     </span>
     <span class='ocr_line' id='line_1_31' title="bbox 311 2989 1283 3068; baseline -0.003 -17"><span class='ocrx_word' id='word_1_251' title='bbox 311 2994 427 3068; x_wconf 89' lang='lat' dir='ltr'>pimus,</span> <span class='ocrx_word' id='word_1_252' title='bbox 455 2999 637 3067; x_wconf 87' lang='lat' dir='ltr'>accepturos</span> <span class='ocrx_word' id='word_1_253' title='bbox 658 2994 801 3052; x_wconf 88' lang='lat' dir='ltr'>scierunt.</span> <span class='ocrx_word' id='word_1_254' title='bbox 836 3000 867 3052; x_wconf 91' lang='lat' dir='ltr'>et</span> <span class='ocrx_word' id='word_1_255' title='bbox 891 3006 1077 3066; x_wconf 86' lang='lat' dir='ltr'>quamquam</span> <span class='ocrx_word' id='word_1_256' title='bbox 1101 2991 1201 3049; x_wconf 91' lang='lat' dir='ltr'>maius</span> <span class='ocrx_word' id='word_1_257' title='bbox 1225 2989 1283 3049; x_wconf 88' lang='lat' dir='ltr'>illis</span> 
     </span>
     <span class='ocr_line' id='line_1_32' title="bbox 311 3075 1283 3153; baseline -0.005 -18"><span class='ocrx_word' id='word_1_258' title='bbox 311 3075 504 3153; x_wconf 87' lang='lat' dir='ltr'>propositum</span> <span class='ocrx_word' id='word_1_259' title='bbox 525 3076 564 3136; x_wconf 92' lang='lat' dir='ltr'>sit</span> <span class='ocrx_word' id='word_1_260' title='bbox 585 3075 742 3151; x_wconf 85' lang='lat' dir='ltr'>maiorque</span> <span class='ocrx_word' id='word_1_261' title='bbox 757 3081 843 3133; x_wconf 82' lang='lat' dir='ltr'>actus</span> <span class='ocrx_word' id='word_1_262' title='bbox 858 3076 905 3134; x_wconf 90' lang='lat' dir='ltr'>sui</span> <span class='ocrx_word' id='word_1_263' title='bbox 920 3076 1037 3134; x_wconf 83' lang='lat' dir='ltr'>tructus</span> <span class='ocrx_word' id='word_1_264' title='bbox 1053 3089 1144 3147; x_wconf 87' lang='lat' dir='ltr'>quarn</span> <span class='ocrx_word' id='word_1_265' title='bbox 1159 3086 1283 3133; x_wconf 89' lang='lat' dir='ltr'>servare</span> 
     </span>
     <span class='ocr_line' id='line_1_33' title="bbox 310 3156 1283 3233; baseline -0.008 -12"><span class='ocrx_word' id='word_1_266' title='bbox 310 3160 464 3233; x_wconf 85' lang='lat' dir='ltr'>mortalia,</span> <span class='ocrx_word' id='word_1_267' title='bbox 485 3168 585 3220; x_wconf 89' lang='lat' dir='ltr'>tamen</span> <span class='ocrx_word' id='word_1_268' title='bbox 607 3160 637 3231; x_wconf 85' lang='lat' dir='ltr'>in</span> <span class='ocrx_word' id='word_1_269' title='bbox 659 3167 781 3219; x_wconf 90' lang='lat' dir='ltr'>nostras</span> <span class='ocrx_word' id='word_1_270' title='bbox 797 3173 921 3232; x_wconf 85' lang='lat' dir='ltr'>quoque</span> <span class='ocrx_word' id='word_1_271' title='bbox 936 3158 1079 3217; x_wconf 85' lang='lat' dir='ltr'>utilitates</span> <span class='ocrx_word' id='word_1_272' title='bbox 1096 3171 1115 3214; x_wconf 88' lang='lat' dir='ltr'>a</span> <span class='ocrx_word' id='word_1_273' title='bbox 1133 3156 1283 3229; x_wconf 90' lang='lat' dir='ltr'>principio</span> 
     </span>
     <span class='ocr_line' id='line_1_34' title="bbox 309 3238 1285 3318; baseline -0.006 -15"><span class='ocrx_word' id='word_1_274' title='bbox 309 3260 410 3305; x_wconf 89' lang='lat' dir='ltr'>rerum</span> <span class='ocrx_word' id='word_1_275' title='bbox 432 3245 602 3318; x_wconf 89' lang='lat' dir='ltr'>praemissa</span> <span class='ocrx_word' id='word_1_276' title='bbox 620 3259 706 3303; x_wconf 88' lang='lat' dir='ltr'>mens</span> <span class='ocrx_word' id='word_1_277' title='bbox 726 3248 774 3301; x_wconf 90' lang='lat' dir='ltr'>est</span> <span class='ocrx_word' id='word_1_278' title='bbox 793 3250 823 3302; x_wconf 89' lang='lat' dir='ltr'>et</span> <span class='ocrx_word' id='word_1_279' title='bbox 842 3242 868 3300; x_wconf 93' lang='lat' dir='ltr'>is</span> <span class='ocrx_word' id='word_1_280' title='bbox 890 3241 966 3302; x_wconf 91' lang='lat' dir='ltr'>ordo</span> <span class='ocrx_word' id='word_1_281' title='bbox 987 3240 1101 3299; x_wconf 90' lang='lat' dir='ltr'>mundo</span> <span class='ocrx_word' id='word_1_282' title='bbox 1124 3238 1231 3309; x_wconf 89' lang='lat' dir='ltr'>datus,</span> <span class='ocrx_word' id='word_1_283' title='bbox 1252 3245 1285 3297; x_wconf 87' lang='lat' dir='ltr'>ut</span> 
     </span>
     <span class='ocr_line' id='line_1_35' title="bbox 281 3320 1283 3403; baseline -0.012 -12"><span class='ocrx_word' id='word_1_284' title='bbox 281 3329 457 3403; x_wconf 80' lang='lat' dir='ltr'>aadpareat</span> <span class='ocrx_word' id='word_1_285' title='bbox 474 3344 578 3387; x_wconf 87' lang='lat' dir='ltr'>euram</span> <span class='ocrx_word' id='word_1_286' title='bbox 596 3326 690 3388; x_wconf 88' lang='lat' dir='ltr'>nostri</span> <span class='ocrx_word' id='word_1_287' title='bbox 708 3340 770 3385; x_wconf 92' lang='lat' dir='ltr'>non</span> <span class='ocrx_word' id='word_1_288' title='bbox 791 3328 869 3384; x_wconf 88' lang='lat' dir='ltr'>inter</span> <span class='ocrx_word' id='word_1_289' title='bbox 884 3325 989 3383; x_wconf 82' lang='lat' dir='ltr'>ultima</span> <span class='ocrx_word' id='word_1_290' title='bbox 1007 3322 1150 3381; x_wconf 86' lang='lat' dir='ltr'>habitam.</span> <span class='ocrx_word' id='word_1_291' title='bbox 1185 3320 1283 3380; x_wconf 78' lang='lat' dir='ltr'>Debe</span> 
     </span>
     <span class='ocr_line' id='line_1_36' title="bbox 309 3403 1283 3485; baseline -0.01 -14"><span class='ocrx_word' id='word_1_292' title='bbox 309 3429 379 3472; x_wconf 89' lang='lat' dir='ltr'>mus</span> <span class='ocrx_word' id='word_1_293' title='bbox 400 3410 576 3485; x_wconf 85' lang='lat' dir='ltr'>parentibus</span> <span class='ocrx_word' id='word_1_294' title='bbox 598 3410 710 3469; x_wconf 88' lang='lat' dir='ltr'>nostris</span> <span class='ocrx_word' id='word_1_295' title='bbox 734 3410 884 3483; x_wconf 87' lang='lat' dir='ltr'>pietatem.</span> <span class='ocrx_word' id='word_1_296' title='bbox 912 3406 1039 3466; x_wconf 87' lang='lat' dir='ltr'>etmulti</span> <span class='ocrx_word' id='word_1_297' title='bbox 1054 3410 1164 3464; x_wconf 91' lang='lat' dir='ltr'>nonut</span> <span class='ocrx_word' id='word_1_298' title='bbox 1179 3403 1283 3477; x_wconf 78' lang='lat' dir='ltr'>gigne·</span> 
     </span>
     <span class='ocr_line' id='line_1_37' title="bbox 311 3485 1284 3566; baseline -0.008 -15"><span class='ocrx_word' id='word_1_299' title='bbox 311 3504 378 3555; x_wconf 89' lang='lat' dir='ltr'>rent</span> <span class='ocrx_word' id='word_1_300' title='bbox 393 3495 543 3554; x_wconf 85' lang='lat' dir='ltr'>coierant:</span> <span class='ocrx_word' id='word_1_301' title='bbox 566 3493 596 3552; x_wconf 95' lang='lat' dir='ltr'>di</span> <span class='ocrx_word' id='word_1_302' title='bbox 613 3509 673 3553; x_wconf 94' lang='lat' dir='ltr'>non</span> <span class='ocrx_word' id='word_1_303' title='bbox 690 3499 820 3566; x_wconf 90' lang='lat' dir='ltr'>possunt</span> <span class='ocrx_word' id='word_1_304' title='bbox 834 3490 929 3549; x_wconf 91' lang='lat' dir='ltr'>videri</span> <span class='ocrx_word' id='word_1_305' title='bbox 944 3489 1098 3560; x_wconf 89' lang='lat' dir='ltr'>nescisse,</span> <span class='ocrx_word' id='word_1_306' title='bbox 1121 3487 1195 3561; x_wconf 88' lang='lat' dir='ltr'>quid</span> <span class='ocrx_word' id='word_1_307' title='bbox 1210 3485 1284 3544; x_wconf 81' lang='lat' dir='ltr'>elle·</span> 
     </span>
    </p>
   </div>
   <div class='ocr_carea' id='block_1_3' title="bbox 312 3567 1285 3733">
    <p class='ocr_par' dir='ltr' id='par_1_3' title="bbox 312 3567 1285 3733">
     <span class='ocr_line' id='line_1_38' title="bbox 312 3567 1285 3648; baseline -0.009 -13"><span class='ocrx_word' id='word_1_308' title='bbox 312 3578 387 3637; x_wconf 90' lang='lat' dir='ltr'>cturi</span> <span class='ocrx_word' id='word_1_309' title='bbox 409 3584 529 3648; x_wconf 89' lang='lat' dir='ltr'>essent,</span> <span class='ocrx_word' id='word_1_310' title='bbox 555 3591 621 3635; x_wconf 91' lang='lat' dir='ltr'>cum</span> <span class='ocrx_word' id='word_1_311' title='bbox 644 3576 783 3634; x_wconf 89' lang='lat' dir='ltr'>omnibus</span> <span class='ocrx_word' id='word_1_312' title='bbox 803 3574 945 3633; x_wconf 89' lang='lat' dir='ltr'>alimenta</span> <span class='ocrx_word' id='word_1_313' title='bbox 964 3572 1103 3647; x_wconf 90' lang='lat' dir='ltr'>protinus</span> <span class='ocrx_word' id='word_1_314' title='bbox 1121 3577 1151 3629; x_wconf 92' lang='lat' dir='ltr'>et</span> <span class='ocrx_word' id='word_1_315' title='bbox 1171 3567 1285 3628; x_wconf 82' lang='lat' dir='ltr'>auxilia</span> 
     </span>
     <span class='ocr_line' id='line_1_39' title="bbox 312 3650 1285 3733; baseline -0.007 -16"><span class='ocrx_word' id='word_1_316' title='bbox 312 3659 510 3733; x_wconf 85' lang='lat' dir='ltr'>providerint.</span> <span class='ocrx_word' id='word_1_317' title='bbox 539 3674 595 3718; x_wconf 90' lang='lat' dir='ltr'>nec</span> <span class='ocrx_word' id='word_1_318' title='bbox 616 3673 671 3718; x_wconf 91' lang='lat' dir='ltr'>eos</span> <span class='ocrx_word' id='word_1_319' title='bbox 691 3673 747 3733; x_wconf 89' lang='lat' dir='ltr'>per</span> <span class='ocrx_word' id='word_1_320' title='bbox 760 3655 982 3733; x_wconf 84' lang='lat' dir='ltr'>neglegentiam</span> <span class='ocrx_word' id='word_1_321' title='bbox 997 3669 1147 3730; x_wconf 79' lang='lat' dir='ltr'>genuere,</span> <span class='ocrx_word' id='word_1_322' title='bbox 1171 3650 1285 3728; x_wconf 85' lang='lat' dir='ltr'>quibus</span> 
     </span>
    </p>
   </div>
   <div class='ocr_carea' id='block_1_4' title="bbox 0 0 1476 4384">
    <p class='ocr_par' dir='ltr' id='par_1_4' title="bbox 0 0 1476 4384">
     <span class='ocr_line' id='line_1_40' title="bbox 0 0 1476 4384; baseline 0 0"><span class='ocrx_word' id='word_1_323' title='bbox 0 0 1476 4384; x_wconf 95' lang='lat' dir='ltr'> </span> 
     </span>
    </p>
   </div>
  </div>
 </body>
</html>
