2942 4384
331 459 394 525 130
606 460 640 521 L.
661 459 807 521 ANNAEI
830 458 1005 521 SENECAE

328 610 456 673 incensa
477 609 655 687 praecipitet
674 611 781 671 datura
801 607 878 684 ipsis
900 607 1095 669 occasionem
1110 606 1299 669 exhibendae

299 696 451 771 lpietatis
473 711 512 753 ex
533 694 633 754 medio
656 693 831 767 parentibus
847 692 988 752 incendio
1004 691 1122 765 raptis?
1157 691 1238 752 Nihil
1251 692 1298 751 de

327 780 379 839 bet
401 778 537 852 Scipioni
557 779 670 848 Roma,
697 776 723 835 si
744 776 888 835 Punicum
913 775 1024 834 bellum
1045 781 1077 834 ut
1097 774 1200 834 liniret
1221 775 1299 835 aluit

327 862 401 921 nihil
421 862 538 933 Deciis,
563 860 646 933 quod
665 865 761 918 morte
783 858 910 932 patriam
933 865 1147 927 servaverunt,
1174 857 1204 918 si
1219 856 1300 932 prius

328 951 521 1019 optaverant,
543 949 576 1001 ut
596 942 749 1002 devotioni
771 941 954 1001 fortissimae
969 941 1068 1000 loemn
1083 940 1191 1000 ultima
1203 956 1300 1000 rerum

327 1027 498 1086 necessitas
520 1026 640 1084 iaceret.
678 1024 864 1083 Gravissima
885 1025 1006 1082 infamia
1028 1032 1076 1083 est
1096 1023 1208 1099 medici
1224 1038 1299 1098 opus

328 1124 484 1184 quaerere.
509 1108 592 1168 multi
609 1123 687 1180 quos
702 1114 851 1166 auxerant
864 1108 989 1167 morbos
1001 1115 1031 1165 et
1045 1105 1255 1178 inritaverant,
1271 1112 1300 1166 ut

328 1194 440 1251 maiore
455 1192 552 1265 gloria
566 1198 723 1260 sanarent,
747 1205 807 1248 non
826 1196 989 1263 potuerunt
1000 1189 1154 1249 discutere
1168 1198 1222 1249 aut
1234 1204 1298 1248 eum

327 1275 629 1349 magnamiserorum
647 1274 807 1332 vexatione
823 1274 970 1332 vicerunt.

298 1367 314 1419 1
388 1358 535 1416 xxxvii.
561 1358 761 1417 Callistratum
777 1356 876 1428 aiunt,
899 1356 940 1415 lta
954 1362 1036 1415 certe
1047 1354 1185 1415 Hecaton
1196 1361 1298 1416 auctor

327 1450 388 1512 est,
414 1456 480 1499 oum
502 1441 530 1498 in
552 1441 672 1499 exilium
695 1440 765 1510 iret,
787 1438 816 1497 in
834 1439 916 1513 quod
932 1439 1042 1498 multos
1061 1438 1151 1497 simul
1166 1454 1235 1497 curn
1249 1438 1297 1497 illo

327 1523 475 1583 seditiosa
486 1523 592 1582 civitas
605 1530 633 1581 et
646 1523 879 1595 intemperanter
889 1522 986 1580 libera
996 1522 1165 1595 expulerat
1178 1530 1297 1595 optante

327 1607 460 1682 quodam
484 1612 515 1664 ut
535 1605 772 1664 Atheniensibus
794 1606 963 1678 necessitas
988 1605 1167 1663 restituendi
1193 1606 1297 1663 exules

297 1696 423 1759 nessei,
452 1688 654 1747 abominatum
674 1688 764 1746 talem
785 1688 922 1750 reditum.
963 1687 1094 1747 Rutilius
1117 1695 1224 1747 noster
1238 1687 1295 1747 ani·

326 1772 458 1840 mosius,
482 1785 548 1829 cum
566 1770 687 1842 quidam
701 1770 783 1828 illum
797 1766 1006 1830 consolaretur
1018 1779 1047 1830 et
1059 1769 1175 1829 diceret
1185 1769 1296 1829 instare

326 1871 409 1913 arma
425 1854 538 1925 civilia,
559 1854 642 1912 brevi
660 1854 800 1923 laturum,
819 1861 853 1913 ut
867 1870 973 1913 omnes
988 1854 1095 1912 exules
1109 1860 1294 1912 reverteren-

325 1945 388 1996 tur:
413 1939 487 2011 qur'd
505 1939 557 1996 tihi
563 1983 570 2008 ‚
592 1936 705 2009 inquit,
726 1938 884 2009 molifect,
904 1944 937 1995 ut
948 1938 1296 2010 milipeioremredttua

325 2038 413 2096 quom
436 2023 546 2080 exitum
568 2017 710 2095 optares?
742 2021 825 2079 Molo
844 2026 877 2079 ut
889 2022 996 2094 patrio
1008 2021 1098 2078 exibo
1113 2035 1177 2077 meo
1190 2020 1296 2078 mdc-

324 2112 403 2176 scut,
427 2120 514 2178 quam
535 2105 632 2163 reditu
651 2109 791 2162 moereat.
826 2102 892 2161 Non
907 2110 956 2162 est
975 2102 1055 2161 istud
1071 2100 1196 2161 exilium
1212 2102 1295 2160 cadus

295 2189 475 2249 eneminem
496 2201 557 2245 non
578 2186 673 2259 magis
696 2202 785 2260 quam
809 2186 980 2244 damnatum
1002 2185 1105 2259 pudet
1148 2184 1295 2258 Quemad-

325 2271 449 2328 modum
470 2269 509 2327 illi
536 2275 735 2328 servaverunt
762 2268 909 2327 bonorum
934 2268 1045 2328 civium
1069 2267 1221 2340 osticium,
1247 2266 1296 2341 qui

324 2352 410 2410 reddi
433 2351 490 2410 sibi
511 2359 637 2425 penates
659 2368 734 2412 suos
755 2352 917 2411 noluerunt
935 2352 1022 2410 clade
1037 2350 1206 2423 communi,
1228 2350 1297 2426 quia

325 2436 421 2494 satius
437 2441 501 2493 erat
515 2435 594 2494 duos
610 2435 713 2509 iniquo
731 2437 810 2493 malo
824 2435 914 2493 adfici
930 2450 1020 2508 quam
1034 2449 1142 2503 ornnes
1158 2433 1296 2507 publicar

325 2518 366 2577 ita
386 2534 446 2577 non
468 2525 570 2576 servat
589 2518 665 2591 grati
686 2518 816 2577 hominis
839 2518 1005 2590 adlectum,
1029 2518 1080 2591 qui
1102 2516 1180 2576 bene
1202 2518 1297 2577 dese

324 2608 488 2661 merentem
504 2601 732 2661 difficultatibus
749 2603 811 2660 vult
826 2598 972 2675 opprimi,
995 2616 1072 2675 quas
1089 2598 1158 2675 ipse
1173 2600 1295 2660 submo-

309 2693 403 2747 neat.
428 2686 479 2759 qui
496 2685 612 2745 etiamsi
629 2685 705 2743 bene
721 2684 847 2758 cogitat,
870 2686 947 2742 male
960 2692 1109 2758 precatur.
1144 2684 1188 2741 Ne
1201 2684 1231 2742 in
1245 2699 1305 2758 pa·-

323 2769 484 2827 trocinium
506 2770 643 2842 quidem,
666 2768 779 2827 nedum
799 2768 830 2826 in
850 2768 976 2843 gloriam
992 2774 1039 2827 est
1054 2766 1230 2826 incendium
1244 2782 1294 2826 ex·

324 2849 470 2909 stinxisse
486 2851 566 2923 quod
584 2851 702 2909 leceris

295 2937 312 2989 1
386 2932 546 2990 XXXVlll.
580 2933 612 2990 ln
642 2933 824 3007 quibusdam
850 2933 1020 2993 civitatibus
1050 2930 1166 3007 inpium
1192 2938 1294 2993 votum

325 3014 450 3074 sceleris
470 3015 567 3073 vicem
589 3016 691 3075 tenuit.
729 3018 880 3077 Demades
896 3025 978 3077 certe
994 3016 1121 3076 Athenis
1135 3032 1221 3088 eum,
1243 3015 1294 3090 qui

323 3099 500 3158 necessario
515 3099 672 3159 lunaribus
684 3101 871 3174 venditabat,
891 3100 1059 3170 damnavit,
1082 3116 1151 3159 curn
1167 3099 1294 3173 probas·

324 3189 371 3243 set
391 3197 530 3255 magnum
556 3184 672 3243 lucrum
694 3190 835 3258 optasse,
866 3184 950 3257 quod
970 3182 1147 3257 contingere
1166 3181 1207 3241 illi
1229 3181 1295 3242 sine

323 3266 483 3326 multorum
499 3276 595 3327 morte
610 3284 670 3327 non
684 3274 811 3342 poterat.
842 3266 951 3340 Quaeri
965 3274 1065 3326 tamen
1077 3266 1166 3338 solet,
1181 3281 1220 3324 an
1233 3280 1292 3324 me

321 3349 378 3407 rito
401 3350 560 3409 damnatus
582 3349 630 3411 sit.
668 3352 800 3411 tortasse
821 3352 950 3424 optavit,
973 3366 1034 3409 non
1057 3358 1091 3410 ut
1105 3348 1207 3409 multis
1222 3362 1292 3408 ven-

323 3432 424 3504 deret,
453 3432 508 3491 sed
529 3440 562 3492 ut
582 3448 667 3505 care,
691 3442 724 3494 ut
744 3451 839 3509 parvo
861 3434 918 3493 sihi
935 3440 1111 3494 constarent
1126 3447 1207 3508 quae
1223 3445 1292 3490 ven-

294 3515 440 3576 aditurus
460 3522 552 3575 esset.
590 3516 663 3575 Cum
687 3526 806 3577 constet
826 3518 991 3591 negotiatio
1006 3517 1071 3577 eius
1090 3525 1129 3576 ex
1146 3524 1249 3591 empto
1263 3521 1294 3573 et

322 3598 460 3669 vendito,
484 3615 579 3673 quare
598 3607 700 3658 votum
721 3602 789 3660 eius
810 3602 839 3660 in
855 3617 944 3661 unam
961 3608 1078 3674 partem
1091 3598 1203 3671 trahis,
1225 3614 1293 3658 curn

323 3678 438 3739 lucrum
453 3695 492 3740 ex
506 3689 635 3756 utraque
648 3683 707 3741 sill
732 3683 892 3744 Praeterea
907 3699 1015 3744 omnes
1029 3684 1114 3757 licet,
1131 3682 1183 3758 qui
1195 3682 1225 3746 in
1236 3681 1292 3742 ista
