2942 4384
384 460 436 521 DE
447 458 659 547 annullatis
681 459 827 524 LlB.Vll.
850 469 984 526 16—19.
1113 459 1175 526 147

196 618 247 672 est
263 608 296 669 id
311 608 393 685 quod
411 608 525 669 debeas
539 607 583 683 ei,
598 610 685 670 cuius
697 617 759 682 εει,
776 610 889 671 volenti
900 612 983 671 dare.
1009 610 1069 672 hoc
1081 630 1175 674 unum

196 694 272 754 mibi
290 693 506 769 praestandum
524 700 579 752 est.
614 694 653 753 Ut
668 693 791 768 quidem
807 694 916 754 habeat
931 696 1014 769 quod
1029 712 1048 755 a
1062 712 1110 755 me
1124 712 1174 756 ac·

197 778 297 853 cepit,
320 775 379 836 iam
392 776 543 836 ulterioris
555 784 714 836 estcurae.
736 793 797 837 non
809 780 933 837 tutelam
944 779 999 851 illi,
1015 780 1070 838 sed
1082 780 1174 840 fidem

197 860 314 933 debeo,
333 862 491 933 multoque
510 860 606 920 satius
626 867 674 920 εει
693 862 774 920 illum
796 866 860 921 non·
878 861 992 921 habere
1012 878 1103 937 qnam
1124 878 1173 922 me

197 960 260 1004 non
272 943 413 1003 reddere.
440 942 477 1003 Ει
489 942 631 1003 creditori
642 945 741 1004 statim
753 945 781 1001 in
795 946 954 1005 macellum
964 947 1072 1020 laturo,
1088 946 1170 1021 quod
1187 954 1206 1009 3

199 1027 369 1103 acceperit,
395 1026 531 1086 reddam.
559 1027 692 1087 etiamsi
713 1028 784 1086 mihi
800 1029 983 1100 adulteram,
1007 1031 1055 1090 cui
1071 1045 1173 1088 nume

198 1127 274 1181 rem,
289 1110 476 1185 delegaverit
489 1111 617 1170 solvam.
643 1117 673 1170 et
687 1111 718 1170 si·
728 1128 878 1184 nummos,
895 1128 974 1186 quos
988 1114 1126 1189 accipiet,
1142 1114 1173 1172 in

198 1196 301 1254 sinum
322 1208 411 1253 suum
433 1192 599 1255 discinctus
620 1194 740 1269 lundet,
763 1195 853 1254 dabo.
882 1197 1071 1257 reddendum
1094 1198 1173 1256 enim

197 1277 272 1336 mihi
294 1284 357 1351 est,
379 1291 440 1335 non
459 1278 660 1348 servandum,
682 1294 751 1338 cum
765 1278 944 1353 reddidero,
966 1296 1003 1339 ac
1017 1281 1172 1340 tuendum.

198 1359 342 1420 beneficii
354 1362 480 1435 accepti,
499 1377 559 1420 non
571 1360 679 1420 redditi
692 1362 863 1422 custodiam
876 1362 984 1421 debeo.
1007 1363 1077 1421 dum
1090 1364 1173 1436 apud

198 1459 249 1503 me
269 1450 332 1516 εει,
360 1444 477 1503 salvum
498 1444 553 1504 sit:
576 1452 724 1520 ceterum,
748 1447 817 1505 licet
838 1445 1015 1519 accipientis
1032 1446 1173 1505 manibus

198 1526 321 1596 clfluat,
343 1527 476 1586 dandum
492 1533 540 1586 est
553 1530 737 1603 reposcenti.
762 1528 860 1588 reddo
875 1528 973 1604 bono,
994 1545 1062 1589 cum
1078 1544 1172 1604 expe-

199 1610 276 1681 diet,
300 1611 396 1683 malo,
419 1625 487 1670 cum
510 1618 600 1686 petet.
641 1613 748 1685 „Tale,
777 1613 889 1686 inquit,
914 1613 956 1672 illi
978 1613 1205 1686 beneficiuma

199 1694 292 1768 quale
307 1694 466 1768 accepisti,
487 1711 547 1755 non
565 1699 653 1770 poles
668 1696 812 1755 reddere:
836 1696 982 1770 accepisti
997 1698 1077 1756 enim
1092 1712 1110 1756 a
1123 1714 1172 1757 sa·

199 1777 316 1851 piente,
338 1779 430 1838 stulto
444 1778 580 1837 reddis.“
616 1779 692 1838 Non.
713 1780 811 1838 reddo
827 1780 883 1852 illi,
905 1781 994 1854 quale
1011 1797 1091 1841 nunc
1107 1790 1172 1857 pot·

198 1868 247 1920 est
272 1860 423 1935 accipere.
454 1876 512 1921 nec
534 1877 588 1936 per
606 1877 655 1920 me
675 1862 722 1936 fit,
752 1865 836 1937 quod
858 1863 992 1924 deterius
1013 1865 1059 1935 id,
1089 1864 1171 1939 quod

198 1941 322 2017 accepi,
344 1944 488 2018 reddam,
512 1946 568 2004 sed
589 1961 645 2019 per
665 1944 758 2004 illum.
793 1946 860 2018 Cui,
883 1946 909 2004 si
932 1948 970 2006 ad
993 1948 1173 2023 sapientiam

197 2025 338 2099 redierit,
363 2027 489 2086 reddam
510 2029 599 2102 quale
616 2031 751 2103 [accepti.
779 2029 850 2087 dum
866 2027 896 2087 in
911 2030 1014 2103 malis,
1036 2032 1173 2102 reddam,

200 2111 291 2184 qualo
306 2110 409 2170 abillo
426 2118 526 2186 potest
541 2112 647 2185 accipi.
684 2112 798 2185 „Quid‚
820 2112 930 2187 inquit,
947 2111 974 2172 si
986 2129 1047 2172 non
1060 2119 1204 2174 tantuma

198 2195 299 2252 malus
314 2193 411 2253 lactus
427 2201 487 2267 est,
510 2195 564 2254 sed
582 2195 681 2268 lorus,
705 2196 761 2254 sed
773 2195 917 2269 inmanis,
935 2198 1034 2271 qualis
1046 2197 1172 2270 Apollo·

199 2276 295 2335 dorus
308 2285 360 2337 aut
373 2276 523 2337 Phalaris:
545 2284 575 2339 et
589 2277 659 2337 huic
673 2278 870 2350 beneficium,
895 2280 978 2354 quod
995 2295 1172 2354 acceperas,

198 2360 359 2420 τειιᾶεειιι
395 2360 589 2421 Mutationem
613 2361 761 2436 sapientis
782 2370 893 2423 tantam
915 2371 1020 2424 natura
1042 2379 1101 2422 non
1120 2379 1171 2437 pa-

198 2444 276 2502 titur.
297 2459 367 2503 nam
382 2443 411 2502 in
429 2444 562 2519 pessima
577 2445 615 2504 ab
628 2445 750 2519 optimis
762 2447 868 2520 lapsus
881 2462 1011 2506 necesse
1023 2454 1071 2505 est
1082 2448 1171 2525 etiam

199 2527 226 2584 in
241 2528 324 2587 malo
340 2528 469 2601 vestigia
484 2528 556 2588 boni
571 2533 680 2587 teneat.
701 2545 866 2603 numquam
882 2536 996 2589 tantum
1008 2530 1103 2588 virtus
1118 2544 1170 2586 ex·

199 2610 369 2683 stinguitur,
391 2618 425 2670 ut
444 2627 504 2670 non
521 2611 666 2672 certiores
682 2612 783 2670 animo
798 2619 886 2670 notas
901 2611 1062 2686 inprimat‚¹
1080 2626 1169 2684 quam

198 2701 228 2754 ut
249 2694 320 2752 illas
340 2694 445 2753 eradat
463 2696 525 2754 ulla
544 2694 680 2754 mutatio.
722 2694 818 2753 Ferae
839 2694 917 2752 inter
940 2709 998 2752 nos
1025 2693 1203 2753 educatae6

198 2782 278 2836 sunt
297 2776 329 2835 in
341 2776 435 2836 silvas
448 2786 628 2852 eruperunt:
646 2777 762 2851 aliquid
774 2776 1013 2837 mansuetudinis
1026 2776 1172 2850 pristinae

197 2859 328 2919 retinent
338 2867 516 2935 tantumque
528 2877 546 2920 a
556 2860 772 2935 placidissimis
782 2860 900 2932 absunt,
913 2860 1171 2935 quantumaveris

197 2942 271 3002 leris
281 2949 313 3003 et
323 2959 487 3018 numquam
500 2944 659 3003 humanam
673 2962 794 3003 mantnn
807 2944 919 3019 passis
940 2944 1034 3019 Nemo
1047 2944 1075 3002 in
1090 2959 1170 3002 sum·

197 3041 276 3085 mam
297 3027 463 3100 nequitiam
482 3026 601 3101 incidit,
630 3028 681 3101 qni
701 3044 845 3102 umquam
869 3026 968 3087 haesit
993 3027 1170 3102 sapientiae.

197 3111 287 3170 altius
309 3110 439 3170 inlectus
461 3118 523 3185 est,
547 3126 637 3185 quam
659 3118 691 3170 ut
712 3127 752 3169 ex
772 3118 836 3170 toto
857 3110 916 3170 elui
937 3119 966 3170 et
986 3110 1113 3169 transire
1140 3109 1171 3167 in

197 3193 332 3253 colorem
343 3194 454 3253 malum
468 3195 575 3269 possit.
604 3193 721 3254 Deinde
733 3194 896 3267 interrogo,
908 3200 1006 3253 utrum
1019 3194 1076 3253 iste
1087 3194 1171 3253 lerus
1186 3201 1202 3257 l

197 3277 234 3336 sit
255 3276 357 3336 animo
378 3284 492 3337 tantum
513 3294 551 3336 an
573 3285 603 3337 et
616 3278 644 3335 in
663 3276 827 3351 perniciem
841 3277 992 3351 publicam
1008 3283 1171 3337 excurrat?
1264 3280 1274 3302 ⁸

194 3359 388 3435 Proposuisti
409 3362 489 3421 enim
509 3360 579 3421 mihi
601 3360 824 3435 Apollodorum
849 3367 879 3420 ει
904 3359 1042 3419 Phalarin
1067 3367 1170 3437 tyran·

195 3460 284 3517 uum,
309 3460 438 3519 quorum
461 3445 486 3504 si
507 3453 642 3504 naturam
664 3444 755 3524 habet
774 3444 851 3503 intra
872 3459 906 3503 se
926 3445 1037 3514 malus,
1065 3440 1171 3516 quidni

194 3542 253 3602 ego
274 3525 323 3587 isti
344 3526 525 3587 beneficium
540 3544 627 3588 suum
643 3529 783 3599 reddam,
807 3544 846 3587 ne
862 3528 934 3602 quid
949 3526 1020 3584 mihi
1036 3541 1104 3584 cum
1119 3524 1170 3583 illo

194 3611 270 3670 iuris
292 3611 331 3671 sit
344 3612 498 3685 ampliust
533 3610 565 3671 Si
581 3626 653 3670 vero
669 3611 817 3685 sanguine
831 3612 963 3670 humano
979 3624 1039 3667 non
1055 3614 1201 3670 tantumtt

193 3693 324 3768 gaudet,
345 3695 402 3754 sed
423 3696 575 3771 pascitur,
597 3695 698 3754 sedet
715 3695 874 3769 suppliciis
890 3693 1022 3753 omnium
1038 3698 1168 3750 aetatum

193 3777 404 3839 crudelitatem
425 3778 625 3839 insatiabilem
644 3784 782 3848 exercet,
806 3793 862 3835 nec
883 3777 927 3835 ira
948 3775 1003 3889 sed
1026 3774 1169 3833 aviditate

950 3868 981 3917 10
