2942 4384
320 473 382 538 174
599 474 633 534 L.
652 472 798 533 ANNAEI
819 472 994 535 SENECAE
1067 475 1069 480 '

317 633 432 689 tanturn
455 623 533 701 parti
554 623 678 685 nubium
698 624 882 697 adfunditur,
909 639 1074 698 numquam
1096 632 1178 684 terra
1203 631 1293 686 tenus

286 714 303 767 3
320 710 487 770 descendet
497 725 602 769 arcusa
624 706 709 781 atqui
720 723 821 783 usque
832 711 861 768 in
874 709 998 767 humum
1010 708 1175 767 dimittitur.
1203 708 1293 768 Prae

318 802 401 853 terea
421 809 586 868 numquam
601 808 660 851 non
677 798 782 851 contra
796 794 892 852 solem
908 806 998 851 arcus
1015 798 1070 851 est
1101 790 1176 850 nihil
1191 799 1293 852 autem

319 877 358 936 ad
373 893 435 936 rem
449 876 592 952 pertinet,
608 891 703 949 supra
716 874 832 933 intrave
843 874 896 947 sit,
913 874 985 948 quia
996 881 1106 947 totum,
1122 874 1206 948 quod
1220 890 1292 935 con·

318 968 364 1019 tna
379 967 440 1033 est,
457 961 536 1018 tatus
551 959 736 1023 verberatur.
773 959 889 1020 Deinde
903 957 1068 1032 aliquando
1082 973 1187 1017 arcum
1199 965 1231 1017 et
1243 974 1292 1018 oc-

319 1044 425 1102 cidens
442 1041 522 1101 tacit.
552 1048 622 1101 tunc
638 1050 719 1100 certe
734 1057 773 1099 ex
788 1039 922 1100 interiori
938 1048 1022 1114 parte
1036 1042 1134 1100 nubes
1150 1040 1220 1099 ierit
1234 1048 1292 1100 ter·

319 1127 361 1184 ris
384 1126 590 1200 propinquus:
612 1123 695 1198 atqui
710 1133 740 1184 ct
757 1132 827 1183 tunc
841 1124 964 1183 dimidia
979 1140 1050 1197 pars
1066 1130 1128 1195 est,
1152 1124 1291 1197 quamvis

288 1209 416 1269 isolena
438 1209 535 1267 nubes
550 1224 589 1268 ex
605 1209 708 1267 humiti
723 1214 753 1265 et
767 1208 892 1268 sordido
908 1206 1068 1280 accipiant.
1102 1207 1220 1279 Nostri,
1241 1207 1291 1281 qui

320 1291 365 1351 sic
384 1292 414 1351 in
436 1291 530 1365 nube,
560 1291 715 1365 quomodo
737 1291 767 1348 in
789 1292 915 1363 speculo
940 1292 1040 1348 tumen
1064 1291 1171 1349 volunt
1193 1290 1291 1361 reddi,

319 1376 431 1434 nubem
453 1390 558 1434 cavam
581 1374 693 1433 iaciunt
712 1380 743 1433 et
762 1381 865 1434 sectae
881 1375 961 1447 pilae
979 1380 1109 1445 partem,
1134 1389 1216 1447 quae
1231 1389 1290 1433 non

321 1465 423 1532 potest
443 1464 537 1518 totum
560 1458 662 1516 orbem
684 1457 830 1529 reddere,
857 1455 929 1531 quia
950 1456 1018 1528 ipsa
1041 1472 1112 1529 pars
1133 1455 1219 1516 orbis
1235 1463 1290 1515 est

319 1542 481 1617 Proposito
504 1541 634 1609 accedo,
659 1548 836 1613 argumento
856 1556 917 1599 non
934 1540 1101 1599 consentio.
1130 1554 1202 1599 narn
1219 1538 1289 1599 siin

320 1640 457 1684 concavo
479 1625 605 1697 speculo
620 1629 684 1680 tota
701 1623 794 1680 iacies
809 1622 944 1697 oppositi
958 1621 1040 1682 orbis
1054 1622 1241 1696 exprimitur,
1263 1630 1291 1681 et

288 1724 304 1774 5
320 1708 349 1765 in
369 1706 521 1767 semiorbe
537 1706 609 1764 nihil
628 1703 766 1777 prohibet
784 1712 875 1765 totam
892 1704 1011 1779 adspici
1023 1706 1122 1779 pilam.
1161 1706 1288 1778 „Etiam-

320 1805 400 1848 nunc
416 1789 547 1847 diximus
564 1787 694 1847 eirculos
709 1788 859 1863 adparere
874 1789 931 1849 soti
946 1791 1097 1862 lunaeque
1110 1788 1140 1846 in
1154 1789 1288 1848 similitu-

320 1872 420 1931 dinem
434 1887 524 1931 arcus
539 1872 758 1931 circumdatam
781 1888 875 1946 quare
890 1872 939 1930 itte
954 1874 1085 1931 circulus
1100 1870 1244 1946 iungitur,
1262 1878 1290 1930 et

319 1954 347 2014 in
364 1972 438 2015 arcu
452 1962 639 2030 numquam?
660 1955 771 2014 deinde
787 1970 881 2029 quare
893 1970 1014 2029 semper
1025 1970 1181 2015 concavae
1192 1955 1288 2014 nubes

319 2041 414 2099 sotem
431 2039 597 2114 accipiunt,
614 2054 674 2099 non
688 2038 852 2113 aliquando
867 2040 975 2112 ptanae
987 2046 1016 2097 et
1028 2035 1287 2099 tumentest“***

288 2130 305 2184 6
380 2122 562 2182 Aristoteles
585 2122 626 2181 ait
643 2128 715 2196 post
729 2124 901 2180 autumnate
915 2120 1140 2195 aequinoctium
1156 2120 1288 2195 quatibet

319 2206 394 2265 hora
410 2204 471 2263 diei
485 2220 588 2263 arcum
604 2205 683 2277 fierI,
701 2212 817 2265 aestate
832 2222 891 2264 non
908 2204 974 2263 fieri
988 2204 1046 2263 nisi
1061 2212 1112 2265 aut
1126 2204 1287 2278 incipiente

318 2293 371 2347 aut
385 2289 526 2347 inetinato
543 2288 600 2346 die.
625 2289 711 2346 cuius
726 2288 770 2346 rei
786 2304 880 2347 causa
891 2286 1051 2347 manifesta
1062 2294 1124 2346 ost=
1149 2289 1285 2361 primum,

319 2371 391 2443 quia
405 2369 505 2429 media
516 2353 580 2430 'diei
598 2378 682 2444 parte
698 2372 745 2430 sol
760 2371 964 2431 calidissimus
980 2372 1075 2430 nubes
1091 2370 1213 2439 evincit,
1232 2381 1286 2428 nee

318 2459 420 2527 potest
440 2453 599 2527 imaginem
620 2469 705 2514 suam
723 2455 761 2514 ab
776 2454 823 2513 his
838 2455 991 2529 recipere,
1013 2470 1091 2527 quas
1106 2454 1229 2512 scindit
1259 2458 1288 2510 at

318 2537 461 2596 matutino
482 2543 619 2611 tempore
641 2543 693 2596 aut
712 2553 843 2611 vergens
861 2538 890 2596 in
908 2552 1049 2597 occasum
1066 2536 1165 2596 minus
1181 2535 1287 2594 virium

286 2620 422 2691 thebei,
440 2621 509 2682 ideo
530 2637 548 2680 a
567 2621 701 2690 ,nubibus
718 2620 860 2679 sustineri
875 2628 904 2679 et
918 2618 1069 2694 repercuti
1086 2625 1195 2693 potest.
1230 2619 1286 2680 De·

317 2702 388 2762 inde
412 2721 479 2763 eum
502 2720 603 2763 arcum
627 2706 727 2763 tacere
747 2721 807 2764 non
825 2705 922 2764 soleat
937 2702 994 2761 nisi
1007 2703 1156 2762 adversus
1171 2701 1236 2771 his,
1258 2701 1286 2759 in

318 2785 429 2859 quibus
446 2787 699 2859 taeit„nubibus,
721 2803 789 2846 eum
804 2787 962 2845 breviores
976 2787 1043 2845 dies
1058 2792 1143 2858 sunt,
1164 2797 1287 2858 semper

318 2868 460 2941 obliquus
477 2875 532 2927 est.
554 2871 656 2943 itaque
672 2870 805 2943 qualibet
820 2872 878 2930 diei
896 2877 995 2945 pane,
1017 2870 1105 2928 etiam
1121 2884 1190 2927 cum
1205 2867 1285 2926 attis-

249 2971 261 2981 ·
317 2950 412 3009 simus
433 2957 495 3024 est,
514 2951 605 3009 habet
625 2952 744 3026 aliquas
767 2953 877 3026 nubes,
900 2970 977 3028 quas
993 2968 1032 3011 ex
1048 2953 1180 3011 adverso
1198 2951 1286 3010 ferire

315 3034 425 3107 possit.
460 3040 491 3094 at
513 3035 700 3109 temporibus
723 3036 846 3095 aestivis
869 3053 963 3111 supra
983 3043 1120 3095 nostnrm
1142 3033 1285 3093 verticem

316 3118 411 3176 fertur
433 3116 566 3194 ideoque
587 3118 687 3177 medio
710 3119 760 3178 die
780 3120 1010 3179 excelsissimus
1032 3127 1130 3178 terras
1155 3117 1285 3177 rectiore

316 3200 447 3275 adspicit
471 3202 567 3274 tinea,
597 3218 687 3275 quam
712 3208 746 3262 ut
773 3203 842 3261 ultis
867 3201 998 3262 nubibus
1027 3202 1127 3276 possit
1150 3198 1284 3260 occurri:

307 3284 841 3346 omncsenimsubsetunohabet.
892 3353 894 3357 ,
1231 3325 1236 3331 -

286 3378 300 3431 1
378 3368 427 3425 IX.
462 3369 565 3426 Nunc
588 3367 633 3426 de
653 3369 777 3442 virgis
799 3367 1001 3427 dicendum
1024 3374 1099 3442 est,
1127 3382 1206 3441 quas
1224 3381 1284 3425 non

317 3452 415 3509 minus
432 3449 744 3525 pictasvariasqueet
758 3466 856 3525 aeqrre
871 3450 1038 3525 pluviarum
1051 3452 1138 3527 signa
1149 3452 1285 3518 solemus

317 3535 466 3607 accipere.
495 3534 523 3591 in
546 3533 657 3608 quibus
681 3551 740 3594 non
762 3536 885 3593 muttum
908 3549 1022 3608 operae
1045 3533 1285 3593 consumendum

316 3623 377 3685 est,
399 3615 469 3689 quia
491 3616 594 3691 virgae
615 3618 687 3675 nihii
708 3618 788 3676 atiud
809 3623 879 3676 sunt
894 3633 985 3691 quam
1008 3617 1166 3692 inperfecti
1184 3630 1284 3675 araus.

315 3713 383 3755 nam
401 3700 494 3758 facies
505 3700 563 3758 iltis
576 3700 697 3775 quidem
710 3708 758 3759 est
767 3699 862 3774 picta,
879 3701 936 3759 sed
947 3700 1018 3759 nihit
1031 3700 1284 3761 curvatibabentt
