2942 4384
356 461 407 522 nl:
427 461 638 522 BENEFlclts
660 461 774 523 1.th.
797 470 926 523 12—14.
1087 459 1128 523 97

147 615 303 675 humanae
316 613 540 686 longelathuc
552 613 696 671 terminos
710 620 838 685 ponunt,
855 611 939 671 aiunl
950 612 1062 671 minuta
1072 612 1125 670 be—

147 698 260 759 neficia
273 702 458 771 perventura
468 696 508 753 ad
521 696 627 753 malos.
650 695 726 754 haee
739 695 791 768 qui
807 710 866 753 non
880 696 979 754 reddit
991 697 1125 768 ingratus

147 789 201 842 est.
227 779 328 839 Nobis
341 779 443 851 itaque
454 777 603 836 beneficia
615 794 685 837 esse
698 795 758 837 non
772 779 879 851 placet,
893 794 971 850 qnae
984 794 1044 837 non
1058 785 1155 837 sunta

147 866 285 925 animum
297 863 414 919 iactura
423 861 592 920 meliorem:
609 862 769 919 commoda
781 868 878 919 tamen
891 861 941 919 illa
955 877 1026 920 csse
1037 867 1127 918 cter-

147 947 286 1022 petenda
298 960 360 1002 non
376 959 531 1017 negamus.
553 944 630 1002 haec
645 950 675 1001 et
686 945 752 1002 viro
769 943 848 1003 bono
861 945 935 1001 darc
949 945 1047 1003 malus
1060 953 1126 1016 pot-

147 1037 192 1089 est
205 1035 240 1089 et
255 1028 398 1101 accipere
413 1042 431 1083 a
445 1026 540 1099 bono,
557 1034 591 1086 ut
607 1026 781 1100 pecuniam,
799 1035 931 1097 vestem,
949 1027 1082 1086 honores
1099 1034 1129 1085 et

147 1114 252 1172 vitam.
279 1110 401 1184 quaesi
417 1125 478 1168 non
493 1110 605 1183 reddit,
625 1110 655 1167 in
670 1108 778 1183 ingrati
794 1126 904 1169 nornen
921 1111 1041 1169 incidet.
1068 1112 1157 1182 „Ata

147 1193 311 1270 quomodo
323 1194 472 1265 ingratum
481 1207 576 1251 vocas
587 1208 624 1251 eo
637 1209 696 1251 non
708 1192 838 1266 reddito,
853 1194 937 1266 quod
950 1209 1043 1266 negas
1057 1209 1128 1253 esse

146 1276 383 1338 beneficiumt“
417 1274 587 1348 Quaedam,
604 1275 720 1334 etiamsi
736 1291 809 1334 vcra
824 1293 883 1335 non
901 1284 985 1347 sunl,
1005 1285 1129 1349 propter

147 1359 381 1442 similitudinem
397 1357 505 1416 eodem
519 1358 670 1416 vocabulo
686 1374 859 1431 conprensa
872 1366 960 1417 sunt:
983 1360 1027 1416 sie
1041 1360 1127 1433 pyxi-

147 1444 220 1504 dem
233 1450 264 1502 ct
276 1448 450 1515 argenteam
462 1448 491 1499 et
505 1456 628 1500 auream
642 1442 781 1501 dicimus.
811 1442 856 1500 sic
872 1441 1051 1499 inliteratum
1068 1458 1128 1499 non

148 1542 189 1585 cx
203 1533 272 1585 tolo
283 1525 404 1594 rudem,
425 1524 481 1583 sed
493 1524 533 1582 ad
544 1525 646 1584 literas
659 1524 783 1583 altiores
796 1541 855 1584 non
872 1525 1059 1599 perductum.
1083 1523 1130 1583 sic

151 1610 203 1683 qui
225 1609 308 1666 male
329 1608 468 1667 vestitum
484 1614 514 1666 el
529 1623 699 1680 pannosum
711 1608 803 1682 vidit,
831 1609 945 1667 nudum
962 1608 1129 1666 sevidisse

150 1692 234 1751 dicit.
263 1690 417 1749 Beneficia
428 1690 487 1749 ista
497 1705 557 1754 non
571 1699 655 1764 sunt,
670 1690 783 1750 habent
794 1700 891 1750 tamen
906 1691 1046 1750 beneficii
1058 1707 1127 1765 spe·

152 1774 241 1833 ciem.
275 1772 455 1846 „Quomodo
471 1774 528 1832 ista
544 1782 614 1833 sunt
628 1783 781 1847 tamquam
795 1774 959 1846 beneficia,
976 1775 1021 1833 sie
1036 1780 1066 1832 et
1080 1775 1159 1838 ittet

151 1864 309 1931 tamquam
330 1856 465 1929 ingratus
481 1863 542 1928 est,
564 1873 624 1915 non
641 1856 808 1931 ingratus.“
836 1858 958 1916 Falsum
975 1864 1034 1929 est,
1058 1857 1130 1930 quia

152 1939 205 1998 illa
218 1938 370 2005 beneficia
385 1935 480 2012 etqui
496 1940 548 1999 dat
558 1941 691 2014 adpellal
703 1948 732 1999 ct
745 1940 796 2013 qui
809 1939 932 2013 accipit:
948 1939 989 1997 ita
1002 1939 1053 2013 qui
1066 1938 1129 1997 veri

153 2021 297 2081 beneficii
307 2021 417 2096 'speeie
432 2023 548 2095 lctellit,
571 2030 629 2081 tam
644 2024 781 2096 ingratus
796 2031 843 2081 est
857 2038 947 2096 quam
964 2023 1128 2093 veneficus,

155 2106 208 2180 qui
224 2121 386 2178 soporem,
403 2120 472 2164 cum
488 2122 637 2165 venenum
654 2105 806 2178 crederet,
828 2104 957 2164 miscuit.

215 2187 298 2247 XIV.
327 2188 485 2247 Cleanthes
498 2188 706 2249 vehementius
718 2189 788 2262 agit.
822 2189 934 2262 „Licet
949 2185 1060 2261 inquil,
1076 2186 1127 2244 be·
1142 2193 1158 2243 1

154 2271 299 2330 neiieium
311 2288 371 2330 non
381 2271 428 2343 sit,
438 2272 654 2346 quodaccepit‚
663 2272 836 2346 ipsctamcn
849 2273 983 2345 ingratus
993 2278 1047 2341 cst,
1059 2270 1130 2343 quia

156 2371 216 2413 non
225 2355 282 2413 luit
292 2355 476 2427 redditurus,
485 2356 602 2414 etiamsi
614 2357 816 2430 accepisset.“
833 2355 884 2415 Sic
892 2356 1030 2427 latroest,
1040 2354 1128 2413 etiam
1142 2362 1159 2414 2

155 2445 319 2511 antequam
340 2454 449 2496 manus
469 2439 618 2512 inquinet,
643 2440 713 2511 quia
733 2439 773 2496 ad
794 2439 994 2498 occidendum
1009 2439 1067 2495 iam
1083 2454 1131 2494 ar-

155 2527 255 2581 matus
278 2528 327 2580 cst
345 2527 375 2580 et
394 2521 485 2581 habet
506 2521 657 2597 spoliandi
675 2531 767 2596 atquc
781 2522 979 2581 interficiendi
994 2521 1130 2580 volunta-

156 2612 225 2664 tem.
259 2610 419 2664 exercetur
439 2611 469 2663 et
488 2605 620 2680 aperitur
640 2620 734 2679 opere
754 2606 906 2677 nequitia,
934 2621 995 2662 non
1017 2603 1130 2673 incipit.

156 2686 262 2761 ipsum
277 2688 362 2761 quod
376 2688 509 2761 accepit,
527 2688 708 2748 beneficium
720 2703 781 2746 non
794 2694 872 2758 erat,
888 2687 942 2744 scd
957 2685 1131 2743 vocabatur.

158 2769 305 2844 Sacrilegi
321 2770 393 2829 dant
407 2788 538 2845 poenas,
562 2773 701 2846 quamvis
717 2787 806 2829 nemo
818 2769 967 2843 usquead
981 2769 1057 2827 deos
1070 2782 1131 2824 ma-
1162 2798 1164 2801 ·

157 2854 373 2928 nusporrigat.
405 2854 634 2928 „Quomodo,
655 2853 765 2931 inquil,
788 2853 1160 2913 adversnsmaiu1113

158 2936 335 3011 ingratus
361 2943 421 2995 est
449 2939 667 3013 quisquam,
690 2954 758 2997 curn
777 2938 857 2997 malo
873 2936 1131 2996 daribencticium

159 3035 218 3078 non
234 3021 381 3094 possum
411 3019 456 3079 Ea
471 3021 586 3080 scilieet
599 3023 729 3080 ratione:
752 3025 805 3095 qui
818 3020 946 3094 accipiet
960 3021 997 3078 ab
1013 3020 1064 3077 illo
1079 3018 1132 3076 nli-

159 3102 230 3174 qnid
244 3118 285 3161 cx
296 3101 353 3175 his,
366 3118 445 3176 quae
456 3106 538 3178 apud
548 3105 695 3178 inperitos
704 3112 783 3176 sunt,
792 3120 919 3178 quorum
928 3104 977 3174 [sl]
986 3103 1072 3159 malis
1081 3117 1130 3159 co-

160 3184 209 3258 pia
224 3191 289 3259 est,
310 3186 377 3260 ipse
390 3202 513 3261 quoque
527 3189 556 3247 in
573 3188 661 3247 simili
673 3187 798 3249 materia
809 3193 914 3259 gratus
927 3199 998 3243 esse
1010 3182 1132 3241 debebit

161 3275 188 3325 et
201 3266 268 3339 illa,
291 3269 515 3344 qualiacunque
527 3279 611 3344 sunt,
634 3286 702 3330 cnm
718 3286 772 3343 pro
783 3268 873 3326 bonls
885 3264 1051 3339 acceperit,
1075 3281 1131 3339 pro

160 3349 249 3411 bonis
263 3353 404 3411 reddere.
437 3355 500 3414 Aes
519 3356 647 3414 alienum
662 3353 777 3412 habere
791 3350 899 3409 dicitnr
913 3350 1005 3423 etqui
1021 3355 1160 3409 aureosi

163 3433 251 3494 debet
263 3442 293 3495 et
305 3436 356 3510 qui
368 3436 483 3496 corium
495 3438 591 3498 torma
604 3435 725 3514 publiea
738 3449 932 3510 percussum,
949 3435 1038 3507 quale
1048 3433 1132 3505 apud

162 3514 420 3580 Lacedaemonios
450 3520 521 3594 luit,
549 3522 632 3596 quod
661 3535 750 3579 usum
781 3527 955 3577 numeratae
986 3516 1133 3591 pecuniae

164 3609 303 3673 praestat.
341 3603 406 3675 Quo
428 3619 540 3677 genere
559 3604 709 3677 obligatus
731 3617 780 3676 eS,
803 3602 862 3660 hoc
881 3602 973 3660 iidem
995 3599 1131 3658 exsolve.

165 3681 237 3755 nutu
259 3686 319 3745 sint
334 3686 497 3765 beneficia,
520 3705 559 3749 an
574 3688 648 3748 etin
663 3687 742 3747 hanc
756 3686 912 3748 sordidam
929 3682 1160 3759 humilemque5

203 3788 305 3828 sarraca
319 3791 387 3829 auu.
403 3776 434 3830 ll.
952 3774 968 3831 t
1070 3848 1072 3850 ι
