2942 4384
387 467 528 531 nxrun.
544 466 706 543 onansn.
726 467 799 527 uua
811 467 860 527 nr.
880 476 924 530 aa.
938 474 983 529 ao.
1108 467 1171 532 237

194 635 256 681 nus
277 626 414 679 extrema
434 618 558 678 sortitus
574 618 674 678 veniet
694 618 723 677 in
745 618 887 678 medium.
923 615 1000 692 Quid
1017 634 1091 693 ergo
1105 628 1200 682 estes

196 701 393 763 nihilominus
413 701 527 761 tenebit
547 699 664 761 alienos
685 717 807 761 menses
829 700 943 774 hiems,
972 709 1074 762 aestas
1101 719 1170 777 pro·

195 784 349 845 hibebitur
360 791 390 843 et
402 785 616 859 quodcumque
628 792 725 844 terras
738 783 824 844 sidus
837 785 986 859 exsiccat,
999 801 1170 860 conpresso

197 868 309 928 ardore
320 866 464 927 cessabit
484 866 628 926 Peribunt
639 874 682 927 tot
693 868 831 941 nomina,
843 867 986 941 Caspium
1000 877 1028 928 et
1036 869 1171 928 Rubrum

197 967 297 1024 mare,
321 949 475 1009 Ambracii
496 955 525 1008 et
547 949 654 1011 Cretici
676 952 776 1023 sinus,
803 950 967 1026 Propontis
993 960 1022 1011 et
1045 952 1170 1014 Pontus.

198 1032 310 1110 peribit
329 1047 420 1092 omne
442 1032 613 1092 discrimen.
649 1034 851 1094 confundetur
872 1034 1019 1109 quicquid
1041 1034 1072 1094 in
1098 1049 1171 1095 suas

198 1124 302 1194 partes
322 1122 431 1175 natura
445 1116 581 1189 digessit.
602 1132 664 1175 non
684 1116 760 1175 muri
776 1131 975 1192 quemquam,
996 1134 1058 1178 non
1073 1125 1172 1177 turres

197 1199 370 1262 tuebuntur.
393 1214 453 1258 non
473 1198 640 1272 proderunt
653 1200 767 1273 templa
781 1200 974 1273 supplicibus
987 1217 1044 1260 nec
1055 1202 1172 1260 urbium

198 1298 334 1354 summa,
353 1282 467 1356 quippe
483 1281 633 1355 fugientes
648 1282 731 1343 unda
746 1284 922 1357 praeveniet
936 1290 966 1342 et
980 1298 1019 1341 ex
1034 1284 1111 1357 ipsis
1126 1300 1171 1343 ur·

197 1365 287 1426 cibus
307 1363 434 1425 deferet.
469 1364 539 1424 Alia
560 1365 599 1423 ab
620 1380 750 1436 occasu,
772 1364 831 1424 alia
852 1366 890 1424 ab
913 1367 1028 1425 oriente
1046 1375 1201 1427 concur-9

196 1454 281 1509 rent:
308 1462 388 1507 unus
407 1446 572 1507 humanum
592 1463 689 1521 genus
710 1448 823 1507 condet
844 1447 920 1507 dies.
947 1448 1091 1522 quicquid
1113 1456 1172 1509 tam

198 1533 293 1606 longa
313 1531 453 1591 fortunae
472 1530 660 1604 indulgentia
680 1531 826 1599 excoluit,
852 1530 998 1605 quicquid
1014 1547 1108 1606 supra
1124 1547 1171 1590 ce-

198 1622 283 1674 teros
304 1613 424 1687 extulit,
443 1613 557 1673 nobilia
577 1613 690 1689 pariter
710 1622 801 1689 atque
818 1615 966 1674 adornata
983 1629 1171 1689 magnarum-

199 1713 259 1773 que
274 1696 407 1771 gentium
422 1711 516 1770 regna
531 1696 752 1772 pessumdabit.

260 1778 352 1838 XXX.
381 1777 458 1839 Sunt
473 1779 587 1852 omnia,
608 1786 641 1839 ut
662 1780 740 1853 dixi,
762 1778 863 1839 facilia
883 1786 1021 1853 naturae,
1044 1787 1077 1840 ut
1094 1784 1200 1853 quaet

198 1880 217 1925 a
239 1862 339 1937 primo
359 1862 460 1921 facere
481 1861 649 1935 constituit,
670 1863 710 1921 ad
730 1878 809 1937 quae
829 1878 889 1921 non
912 1863 1027 1935 subito,
1057 1864 1113 1921 sed
1135 1879 1173 1921 ex

199 1946 379 2006 denuntiato
390 1946 481 2006 venit.
518 1946 580 2004 lam
595 1954 695 2006 autem
710 1946 807 2019 primu
823 1961 841 2003 a
856 1944 905 2003 die
921 1945 1039 2018 mundi,
1061 1960 1128 2003 curn
1143 1946 1173 2003 in

197 2029 282 2089 hunc
303 2027 437 2087 habitum
459 2043 498 2087 ex
523 2028 643 2089 informi
668 2030 782 2089 unitate
806 2027 1020 2098 discederent,
1050 2029 1190 2101 quando.

197 2118 409 2185 mergerentur
428 2118 563 2183 terrena,
587 2112 743 2172 decretum
763 2119 810 2172 est
830 2116 861 2169 et
881 2126 919 2169 ne
934 2111 973 2169 sit
988 2110 1173 2184 quandoque

198 2196 283 2254 velut
301 2192 332 2253 in
353 2208 434 2253 novo
456 2210 551 2268 opere
566 2195 641 2253 dura
663 2194 793 2267 molitio,
816 2194 886 2253 olim
902 2193 942 2252 ad
957 2193 1015 2251 hoc
1030 2194 1124 2251 maria
1139 2208 1173 2251 se

198 2284 354 2336 exercent.
388 2276 455 2335 Non
476 2276 578 2349 videS,
603 2285 635 2337 ut
655 2277 768 2338 fluctus
791 2277 822 2335 in
837 2277 924 2336 litora
941 2283 1095 2350 tamquam
1110 2275 1201 2334 exi-a

197 2367 288 2421 turus
310 2361 461 2419 incurrat?
489 2376 550 2419 non
568 2360 669 2433 vides,
691 2369 724 2421 ut
739 2368 843 2420 aestus
859 2360 936 2419 fines
951 2375 1026 2419 suos
1041 2366 1175 2418 transeat

199 2444 276 2503 etin
292 2443 523 2518 possessionem
537 2450 683 2502 terrarum
698 2460 781 2503 mare
798 2443 980 2502 inducatur?
1000 2459 1060 2502 non
1076 2443 1172 2512 vides,

199 2534 233 2585 ut
248 2524 290 2585 illi
303 2533 448 2600 perpetua
461 2541 529 2585 cum
541 2526 681 2586 claustris
695 2527 759 2586 suis
773 2542 874 2600 pugna
887 2526 945 2584 sitt
973 2523 1049 2598 Quid
1063 2531 1175 2598 porro?

199 2609 306 2680 istinc,
328 2609 410 2668 unde
434 2614 547 2670 tantum
568 2610 723 2668 tumultum
746 2608 849 2680 vides,
872 2616 969 2666 metus
984 2615 1045 2677 est,
1068 2606 1174 2665 emaci

200 2698 232 2750 et
247 2707 356 2765 magno
370 2690 478 2765 spiritu
488 2692 718 2766 erumpentibus
729 2691 841 2751 fluviis.
876 2691 934 2751 Ubi
946 2706 1007 2749 non
1018 2689 1203 2747 humoremo

199 2780 309 2834 natura
324 2774 492 2848 disposuit,
511 2782 543 2833 ut
554 2775 689 2849 undique
701 2790 774 2846 nos,
791 2790 860 2833 cum
870 2774 1033 2845 voluisset,
1048 2772 1174 2845 adgredi

200 2864 332 2932 posset?
352 2858 487 2929 mentior,
501 2858 559 2916 nisi
570 2858 747 2917 eruentibus
758 2865 868 2917 terram
876 2857 984 2915 humor
993 2854 1132 2926 occurrit,
1145 2864 1175 2913 ct

200 2940 344 3016 quotiens
367 2955 425 2999 nos
445 2940 571 3000 avaritia
592 2947 643 3000 aut
658 2941 773 3000 defodit
789 2948 841 3000 aut
855 2939 958 3017 aliqua
973 2955 1067 2999 causa
1083 2953 1174 3013 pene

199 3031 284 3083 trare
294 3023 383 3083 altius
395 3024 483 3096 cogit,
497 3023 612 3083 cruenti
624 3024 694 3083 frnis
706 3025 979 3098 aliquandomqua]
989 3031 1044 3082 est.
1067 3021 1173 3091 Adice,

201 3104 287 3179 qnod
308 3106 445 3165 inmanes
464 3106 576 3165 suntin
593 3107 695 3165 abdito
712 3108 797 3165 lacus
812 3113 843 3165 et
856 3108 980 3163 multum
995 3105 1086 3162 maris
1103 3120 1174 3162 con-

201 3188 273 3260 diti,
302 3189 427 3249 multum
448 3188 604 3248 fluminum
628 3204 802 3262 peropaca
824 3187 997 3245 labentium.
1033 3185 1204 3257 Undique4

201 3286 278 3345 ergo
294 3270 349 3330 erit
363 3287 457 3331 causa
474 3272 603 3343 diluvio,
627 3287 695 3330 cum
706 3269 783 3327 aliae
794 3283 893 3343 aquae
905 3267 1106 3325 subterfluant
1117 3276 1174 3326 ter·

199 3370 269 3426 ras,
297 3355 374 3413 aliae
397 3354 625 3425 circumfluant,
655 3368 735 3428 quac
755 3351 807 3411 diu
832 3348 983 3409 coercitae
1004 3349 1126 3407 vincent
1144 3354 1175 3407 et

202 3452 310 3496 amnes
325 3437 465 3509 amnibus
479 3438 618 3511 iungant,
643 3435 807 3511 paludibus
824 3440 940 3506 stagna.
962 3432 1092 3491 omnium
1104 3438 1176 3489 tunc

201 3534 287 3580 mare
302 3536 357 3580 ora
371 3520 497 3580 fontium
511 3518 638 3594 inplebit
653 3525 682 3578 et
697 3518 812 3578 maiore
826 3517 909 3576 hiatu
927 3518 1033 3576 solvet.
1067 3513 1176 3585 Quem-

201 3603 368 3663 admodum
389 3618 521 3678 corpora
541 3612 647 3662 nostra
670 3602 708 3660 ad
735 3609 873 3676 egestum
897 3605 1003 3658 venter
1027 3596 1175 3670 exhaurit,

201 3686 461 3763 quemadmodum
476 3686 507 3745 in
522 3686 672 3747 sudorem.
682 3690 755 3744 eunt
768 3684 865 3758 vires,
885 3682 925 3743 ita
940 3682 1028 3742 tellus
1041 3679 1177 3754 liquefiet
