2942 4384
321 450 363 514 46
597 450 632 509 L.
651 448 798 510 ANNAEI
819 448 994 510 SENECAE

322 605 477 678 dicebam,
494 603 733 664 iucundissimae
750 602 879 661 lruotum
894 618 956 662 non
975 599 1116 678 percipit
1147 602 1189 679 At
1205 620 1286 680 quern

321 690 403 750 iuvut
428 688 602 762 aocepIsse‚
626 688 746 760 aequali
773 694 983 760 perpetuaque
1009 686 1167 760 voluptate
1190 689 1286 748 lruitur
1326 739 1327 766 1

321 780 351 831 et
365 771 494 830 animum
511 772 592 841 eius,
614 785 709 843 aquo
727 770 861 843 accepit,
878 784 939 828 non
955 784 1018 827 rem
1033 769 1157 830 intuens
1171 772 1286 845 gaudet
1326 773 1327 778 ’

321 863 436 931 gratum
456 855 607 913 bominem
628 868 750 926 semper
771 852 953 911 beneficium
974 852 1118 924 delectat,
1143 852 1287 929 Ingratum

289 953 307 1007 4
321 941 424 1000 semel.
456 937 621 1011 conparari
635 945 734 996 autem
751 942 853 1009 potest
865 934 1024 1009 utriusque
1040 936 1118 995 vita:
1134 953 1205 997 cum
1221 940 1287 998 alter

320 1022 414 1083 tristis
442 1021 481 1079 sit
505 1027 535 1079 et
555 1019 719 1092 sollicitus,
744 1019 842 1092 qualis
866 1035 938 1078 esse
959 1019 1101 1081 Infitiator
1116 1036 1154 1079 ec
1170 1022 1286 1082 fraudu·
1326 1089 1327 1094 η

322 1107 419 1164 tentus
433 1106 526 1176 solet,
548 1104 631 1177 apud
649 1118 739 1176 quem
754 1119 815 1161 non
834 1111 1008 1176 parentum,
1032 1104 1083 1178 qui
1105 1103 1216 1180 debet,
1239 1104 1285 1164 ho

320 1204 377 1247 nor
391 1195 451 1261 est,
471 1204 531 1245 non
548 1187 735 1256 educatori&
752 1203 812 1245 non
829 1185 1077 1261 praeceptorum,
1093 1187 1172 1247 alter
1185 1188 1285 1262 laetus,

320 1271 439 1344 hilaris,
462 1271 657 1331 occasionem
671 1269 850 1328 referendae
865 1270 979 1343 gratiae
1000 1278 1188 1343 exspectans
1211 1280 1286 1334 etex

319 1356 379 1415 boc
393 1356 462 1429 ipso
478 1356 599 1414 adiectu
613 1354 758 1427 gaudium
783 1353 899 1425 grande
921 1352 1095 1427 percipiens
1116 1370 1176 1413 nee
1200 1371 1285 1430 quae-

318 1455 389 1498 rens
416 1438 571 1513 quomodo
602 1439 768 1511 decoquat,
799 1437 855 1494 sed
888 1436 1144 1510 quemadmodum
1172 1441 1286 1512 plenius

318 1523 505 1595 uberiusque
526 1520 714 1594 respondent
735 1535 795 1577 non
818 1520 916 1578 solum
937 1520 1112 1593 parentibus
1128 1528 1159 1581 et
1174 1524 1285 1594 amieis,

320 1606 374 1665 sed
390 1603 742 1676 trumlttonbus‘quoque
757 1604 934 1675 [personIsJ.
957 1620 1026 1663 nam
1038 1605 1156 1672 etiamsi
1168 1622 1187 1665 a
1200 1622 1285 1666 servo

320 1705 376 1747 suo
393 1687 573 1747 beneficium
595 1687 726 1761 aceepit,
750 1688 889 1746 aestimat
908 1703 969 1746 non
993 1703 1105 1761 aquo,
1127 1690 1185 1748 sed
1208 1688 1285 1765 quod

320 1771 482 1845 acceperit.

288 1864 303 1914 1
381 1855 485 1913 XVIII.
506 1853 693 1928 Quamquam
710 1856 914 1928 quaeritur
929 1873 947 1914 a
962 1853 1145 1929 quibusdam
1161 1856 1242 1916 sicut
1252 1855 1284 1914 ab

317 1939 488 2011 Hecatom,
521 1955 565 1997 an
594 1938 828 1998 beneficium
856 1940 947 1998 dare
974 1953 1114 1997 servus
1135 1938 1284 1999 domino

319 2024 455 2096 possit.
490 2028 560 2082 sunt
575 2021 655 2081 eninr
671 2023 720 2095 qui
743 2022 782 2082 ita
803 2022 1005 2096 dIstInguant=
1029 2024 1181 2096 quaedam
1198 2023 1284 2082 bene

317 2106 484 2180 fietaesse,
508 2107 658 2182 quaedam
680 2105 797 2178 cilicia,
814 2106 963 2179 quaedam
985 2104 1160 2166 mInisteria.
1196 2106 1284 2165 bene-

317 2189 417 2248 ficium
434 2206 504 2249 esse
521 2191 604 2263 quod
619 2189 734 2248 alienus
751 2189 816 2247 det:
839 2190 957 2248 alienus
973 2196 1033 2259 est,
1050 2189 1101 2263 qui
1114 2189 1212 2263 potuit
1223 2189 1286 2249 sine

316 2273 556 2345 reprehensione
572 2287 704 2331 cessare.
730 2272 864 2331 ollicium
881 2288 952 2331 esse
968 2271 1167 2345 filii,uxor1s,
1184 2288 1286 2332 earum

317 2371 533 2429 personarum,
557 2372 634 2429 quas
663 2356 859 2416 necessitudo
886 2356 1013 2416 suscitat
1039 2362 1068 2414 et
1093 2357 1172 2415 terre
1198 2372 1285 2430 opem

316 2438 406 2498 iubet.
429 2440 625 2499 ministerium
640 2454 710 2497 esse
725 2440 816 2511 servi,
834 2455 924 2513 quem
939 2438 1086 2503 condicio,
1096 2455 1153 2498 sua
1168 2455 1206 2499 eo
1219 2441 1284 2498 loco

318 2523 432 2595 posuit,
455 2530 487 2582 ut
505 2523 577 2582 nibil
598 2538 703 2581 eorum
727 2538 806 2596 quae
822 2529 969 2595 praestat,
991 2523 1108 2597 Inputet
1123 2521 1283 2596 superIori.

283 2605 508 2670 2*Praeterea
534 2622 685 2665 servum
712 2607 779 2681 qui
807 2614 923 2681 negat
953 2606 1045 2665 dare
1069 2606 1283 2679 aliquando

316 2689 463 2751 domino
479 2691 729 2761 beneficium,
752 2690 912 2763 ignarus
935 2690 1105 2749 estiuris
1121 2689 1282 2749 humani.

314 2775 407 2832 refert
424 2774 517 2845 enlm,
536 2775 621 2833 ouius
639 2772 730 2832 animi
747 2774 785 2832 sit
800 2774 851 2847 qui
868 2782 1016 2848 praestat,
1039 2789 1099 2832 non
1119 2773 1208 2833 cuius
1225 2780 1282 2832 sto·

314 2864 378 2915 tus:
407 2856 479 2914 nulli
507 2857 667 2930 praeclusa
692 2857 788 2915 virtus
809 2865 871 2928 est,
895 2856 1035 2917 omnibus
1060 2863 1282 2931 petendorum

208 2943 221 2964 ³
315 2938 455 3012 admittit,
471 2954 576 2998 omnes
591 2937 710 3012 invitat,
726 2939 892 3013 ingenuos,
907 2941 1080 3012 libertinos
1096 2956 1222 3014 servos,
1238 2955 1281 3000 re-

314 3037 384 3096 ges,
404 3022 520 3082 exules.
546 3036 606 3080 non
624 3021 706 3096 eligit
721 3023 843 3083 domum
859 3040 916 3083 nec
932 3040 1073 3096 censum,
1088 3025 1172 3083 nudo
1189 3023 1281 3085 bomi-

313 3122 351 3165 ne
368 3113 508 3165 contenta
524 3113 579 3164 est.
616 3104 693 3179 Quid
708 3106 787 3164 enim
803 3116 868 3168 emt
879 3108 933 3167 tuti
949 3108 1100 3167 adversus
1115 3108 1281 3181 repentina,

313 3190 386 3265 quid
406 3191 524 3249 animus
546 3205 688 3264 magnum
710 3191 897 3264 promitteret
918 3190 989 3263 sibi,
1014 3191 1040 3249 si
1063 3198 1175 3250 certam
1190 3192 1281 3250 vlrtu-

279 3281 369 3339 atem
388 3275 507 3334 fortuna
521 3280 671 3334 mutaret?
700 3274 732 3333 Si
748 3289 808 3334 non
831 3275 881 3336 dat
901 3274 1082 3334 beneficium
1101 3290 1212 3334 seruus
1227 3274 1281 3335 do-

312 3357 407 3429 mino,
428 3373 485 3416 nec
500 3360 564 3431 regi
581 3357 745 3433 quisquam
764 3375 821 3419 suo
840 3374 898 3417 nec
913 3358 983 3416 duci
996 3374 1055 3434 suo
1073 3359 1170 3418 miles.
1209 3358 1281 3433 quid

312 3441 391 3499 enlm
405 3441 540 3511 interest,
558 3443 638 3515 quali
656 3443 724 3516 quis
740 3449 878 3501 teneatur
893 3442 1036 3515 imperio,
1060 3441 1086 3500 si
1101 3457 1221 3501 summo
1240 3449 1279 3501 te·

311 3530 419 3584 netur?
438 3540 507 3582 nam
529 3524 555 3582 si
576 3540 682 3597 servo,
705 3542 767 3600 quo
783 3524 881 3584 minus
897 3526 926 3583 in
940 3540 1049 3583 nomen
1063 3524 1160 3585 meriti
1173 3540 1279 3598 perve-

311 3606 388 3680 niet,
405 3608 573 3667 necessitas
590 3607 677 3666 obest
692 3616 722 3666 et
734 3607 867 3682 patiendi
878 3608 980 3667 ultIma
991 3609 1093 3681 umor,
1109 3608 1191 3668 idem
1203 3608 1280 3668 istuc

311 3690 444 3751 obstabit
457 3697 487 3752 et
501 3692 529 3750 ei
545 3690 596 3766 qui
610 3706 714 3765 regem
728 3692 861 3752 habetet
877 3690 905 3751 ei
920 3692 972 3767 qui
988 3693 1112 3765 ducem,
1136 3693 1278 3767 quoniam
