2942 4384
384 440 523 530 aaran.
540 439 700 518 QUAEST.
722 440 795 499 LIB.
807 440 829 497 Ι.
854 448 982 500 ra-rc.
1108 389 1168 501 lii

199 598 301 654 scant:
325 606 394 650 cum
408 591 558 664 utrimque
573 593 669 650 solem
684 591 778 650 cinxit
792 591 860 649 talis
877 590 1009 663 efligies,
1033 591 1058 649 si
1073 591 1167 649 Arato

197 676 368 748 credimus,
389 680 555 746 tempestas
571 674 674 746 surgit.

257 758 337 817 XIV.
371 753 529 829 Tempus
560 763 618 815 est
644 755 744 815 alios
774 770 926 829 quoque
953 755 1061 828 ignes
1082 767 1200 828 per-1

198 854 373 912 currere,
405 854 563 912 quorum
593 838 774 896 diversae
801 837 954 910 figurae
981 843 1084 895 sunt:
1115 837 1167 904 ali,-

199 923 323 998 quando
338 920 447 979 emicat
462 922 562 993 stella,
584 920 747 994 aliquando
764 920 889 979 ardores
903 927 989 989 sunt,
1005 919 1168 993 aliquando

197 1007 250 1065 lixi
272 1011 302 1063 et
318 1004 493 1077 haerentes
509 1019 744 1075 'nonnumquam
761 1004 919 1061 volubiles.
954 1003 1068 1061 Horum
1082 1004 1171 1075 plura

197 1103 313 1163 genera
324 1084 567 1159 conspiciuntur:
586 1091 655 1144 sunt
669 1078 867 1163 βόθυνοι,
883 1100 950 1143 cum
962 1087 1044 1144 velut
1055 1099 1170 1143 corona

199 1173 341 1243 cingente
355 1168 504 1227 introrsus
519 1168 627 1239 ingens
644 1165 721 1225 coeli
735 1182 879 1226 recessus
894 1167 1060 1226 estsimilis
1075 1167 1168 1225 ellos-

198 1268 253 1313 sae
278 1252 308 1309 in
330 1251 433 1309 orbem
461 1252 635 1324 speluncae.
678 1248 754 1309 Sunt
775 1249 920 1322 pithiae
942 1256 1034 1320 [cunr]
1054 1247 1169 1322 magni-

199 1334 305 1395 tudine
320 1332 398 1392 vasti
412 1332 597 1405 rotundique
612 1331 690 1404 ignis
707 1331 788 1391 dolio
804 1332 925 1404 similia,
948 1332 998 1403 qui
1014 1333 1061 1389 vel
1078 1333 1171 1389 lentur

200 1418 248 1476 vel
269 1414 299 1474 in
318 1418 463 1496 unoloco
479 1413 597 1487 flagrat.
634 1412 711 1472 Sunt
729 1413 941 1483 chasmate,
964 1429 1030 1471 cum
1047 1413 1170 1485 aliquod

200 1498 281 1559 coeli
301 1498 431 1571 spatium
454 1496 573 1555 desedit
586 1503 616 1555 et
633 1496 784 1555 flammam
802 1499 881 1554 velut
895 1494 1058 1554 dehiscens
1073 1497 1102 1553 in
1118 1495 1170 1553 ab·

200 1581 266 1641 dito
289 1586 427 1639 ostentat.
471 1580 596 1638 Colores
618 1595 741 1653 quoque
765 1578 872 1637 horum
895 1577 1027 1637 omnium
1050 1576 1202 1652 plurim12

199 1671 287 1723 sunt:
319 1663 440 1735 quidam
457 1663 577 1721 ruboris
595 1661 746 1732 acerrimi,
770 1661 893 1734 quidam
913 1662 1060 1719 evanidae
1075 1677 1111 1719 ac
1129 1663 1170 1719 le-

199 1746 247 1805 vis
265 1744 418 1816 flammae,
441 1744 564 1817 quidam
586 1744 734 1803 candidae
755 1745 849 1816 luciS,
871 1742 993 1817 quidam
1016 1744 1172 1812 micantes,

201 1829 326 1903 quidam
349 1827 514 1901 aequaliter
534 1834 564 1886 et
585 1826 651 1886 sine
673 1826 883 1901 eruptionibus
901 1834 953 1887 aut
971 1826 1066 1887 radiis
1088 1826 1172 1885 fulvi.

199 1910 351 1970 Videmus
366 1926 440 1983 ergo

341 1996 491 2053 stellarum
505 1996 605 2065 leopos
619 2009 638 2051 a
652 2001 733 2065 terpo
747 1994 894 2052 albescere
906 1999 1026 2053 tractas.

200 2076 267 2135 Hae
293 2076 375 2135 velut
399 2077 504 2135 stellae
528 2077 670 2135 exsiliunt
694 2082 722 2133 et
752 2076 940 2135 transvolant
973 2076 1207 2148 videnturquea

201 2160 326 2232 longum
345 2159 446 2231 ignem
467 2159 621 2232 porrigere
649 2165 774 2231 propter
801 2157 967 2216 inmensam
984 2157 1174 2230 celeritatem,

203 2257 274 2300 cum
299 2242 381 2309 acies
407 2249 510 2300 nostra
536 2257 597 2299 non
624 2241 778 2301 discernat
796 2242 953 2301 transitum
975 2256 1091 2311 aarum,
1119 2240 1175 2299 sed
1236 2251 1238 2254 ·

202 2338 396 2399 quacumque
431 2331 687 2393 accucurrerunt,
721 2325 752 2382 id
784 2332 879 2383 totum
906 2325 1027 2398 igneum
1062 2324 1175 2381 credat.

203 2414 288 2466 tanta
303 2406 382 2465 enim
397 2414 444 2467 est
458 2407 602 2467 velocitas
619 2414 735 2477 motuS,
754 2413 787 2465 ut
803 2414 904 2480 partes
921 2408 986 2466 eius
1003 2422 1063 2465 non
1080 2404 1175 2479 dispi-

203 2490 339 2563 ciantur,
356 2490 413 2548 sed
434 2497 546 2550 tantum
564 2506 682 2549 summa
697 2490 870 2563 prendatur.
897 2490 1097 2562 intellegimus
1113 2505 1174 2546 ma-

203 2571 262 2647 gis,
276 2589 337 2647 qua
348 2574 494 2646 adpareat
505 2574 592 2632 stella
604 2589 694 2646 quam
708 2588 769 2645 qua
781 2579 878 2630 exeat.
893 2572 1000 2644 ltaque
1012 2572 1094 2629 velut
1106 2571 1175 2643 igne
1189 2592 1206 2643 4

203 2656 349 2717 continuo
364 2663 458 2714 totum
471 2657 526 2713 iter
541 2656 653 2728 signat,
676 2655 748 2728 quia
762 2655 847 2712 visus
863 2654 957 2712 nostri
972 2654 1097 2712 tarditas
1113 2669 1174 2710 non

204 2738 403 2811 subsequitur
425 2744 576 2797 momenta
598 2736 760 2810 cumenae,
782 2737 838 2795 sed
851 2736 934 2795 videt
948 2735 1035 2795 simul
1051 2742 1081 2793 et
1094 2735 1176 2793 unde
1279 2725 1287 2741 ’

204 2820 351 2879 exsilierit
370 2827 400 2880 et
421 2838 481 2894 quo
500 2821 679 2893 pervenerit.
713 2820 796 2893 quod
811 2819 845 2877 fit
861 2819 890 2877 in
908 2819 1044 2877 fulmine:
1066 2820 1175 2891 longus

204 2904 295 2962 nobis
313 2903 433 2962 videtur
452 2903 530 2976 ignis
545 2903 625 2975 eius,
647 2901 719 2976 quia
740 2903 799 2961 cito
821 2901 951 2975 spatium
969 2919 1057 2961 suum
1077 2908 1175 2961 trans·

204 2985 266 3047 silit
288 2992 317 3044 et
331 2986 427 3045 oculis
442 2986 554 3045 nostris
577 2986 707 3045 occurrit
720 2987 912 3056 universum,
929 3001 983 3058 per
998 2986 1078 3060 quod
1095 2983 1176 3057 ‹lcief

204 3077 273 3128 ctus
286 3075 347 3149 est:
361 3070 450 3127 atille
462 3084 521 3127 non
535 3073 582 3125 est
593 3070 704 3127 extenti
716 3069 855 3142 corporis
869 3084 923 3141 per
936 3084 1039 3139 omne,
1053 3085 1113 3141 qua
1126 3082 1176 3137 va

204 3151 258 3211 nit.
279 3166 380 3225 neque
390 3160 450 3211 tam
462 3152 553 3223 longa
565 3160 594 3209 et
605 3158 766 3222 extenuata
778 3152 807 3208 in
820 3150 953 3221 inpetum
965 3151 1075 3207 valent.
1097 3142 1206 3220 Quosa

204 3234 299 3293 modo
313 3249 385 3307 ergo
404 3232 584 3307 prosiliunt?
610 3233 719 3292 adtritu
734 3232 813 3290 acris
828 3232 907 3304 ignis
923 3231 1068 3289 incensus
1086 3238 1176 3287 vento

206 3332 357 3391 praeceps
382 3316 542 3390 inpellitur.
573 3332 632 3374 non
656 3330 777 3387 semper
797 3322 895 3372 tamen
916 3320 1006 3371 vento
1027 3313 1177 3373 adtrituve
1275 3343 1280 3352 ,

204 3402 253 3460 lit:
277 3415 504 3473 nonnumquam
526 3399 681 3472 exaliqua
703 3396 926 3470 opportunitate
941 3398 1020 3455 aeris
1034 3396 1177 3456 nascitur.

204 3483 299 3541 multa
313 3483 392 3540 enim
410 3489 481 3542 sunt
495 3482 524 3539 in
540 3482 659 3541 sublimi
677 3481 773 3549 sicca,
800 3479 916 3551 calida,
944 3487 1080 3552 terrena,
1101 3481 1178 3538 inter

206 3580 287 3641 quae
301 3565 395 3624 oritur
411 3573 441 3623 et
455 3564 598 3639 pabulum
614 3581 701 3623 suum
717 3562 910 3636 subsequens
925 3562 1030 3623 defluit
1046 3564 1178 3635 ideoque

208 3647 355 3723 uelociter
367 3649 492 3721 rapitur.
523 3650 589 3723 „At
612 3663 705 3723 quare
727 3647 812 3706 color
830 3647 971 3706 diversus
992 3650 1085 3705 estt“
1107 3644 1209 3721 quiad

249 3752 351 3793 seneca
364 3752 433 3790 anu.
453 3734 484 3789 11.
982 3734 1015 3789 12
