2942 4384
383 488 433 547 on
454 472 665 547 ennarrans
686 484 764 546 nin·
777 491 828 549 vr.
851 498 983 552 ar-aa.
1108 489 1168 553 127

193 643 292 701 Asiae
313 638 479 711 civitatem,
501 656 591 698 curru
613 647 718 698 vectus
736 640 860 699 intraret
873 648 986 698 rectam
1002 643 1101 716 capite
1116 645 1168 703 tia·

193 742 260 785 rain
277 738 397 798 gerens.
420 723 451 781 id
466 724 540 781 solis
557 724 659 781 datum
674 724 808 794 regibus.
840 724 956 797 Dignus
972 725 1068 785 luerat
1083 743 1168 799 prae-

194 812 274 879 mia,
303 814 466 880 antequam
492 813 622 879 peteret:
650 806 705 863 sed
729 823 819 879 cpiam
841 808 1021 866 miserabilis
1042 824 1118 882 gens
1139 812 1169 886 in

196 908 259 966 qua
272 906 363 950 nemo
380 890 448 962 fuit,
472 890 523 964 qui
541 904 646 947 verum
660 889 775 947 diceret
786 889 864 963 regi,
880 889 938 949 niSi
951 893 1003 965 qui
1016 909 1076 950 non
1088 894 1168 951 dice-

194 976 247 1036 bat
264 973 337 1043 sibi!
571 1031 574 1035 .

260 1055 379 1115 XXXII.
402 1047 497 1114 Divus
512 1056 671 1129 Augustus
683 1056 774 1113 filiam
788 1058 864 1114 ultra
876 1058 1070 1130 inpudicitiae
1080 1063 1195 1118 male-l

195 1142 310 1201 dictum
331 1138 506 1212 inpudicam
529 1138 675 1211 relegavit
695 1146 724 1196 et
739 1138 853 1212 flagitia
870 1141 1045 1214 principalis
1062 1144 1171 1202 domus

195 1226 225 1283 in
241 1223 397 1297 publicum
411 1222 523 1280 emisit:
547 1221 700 1280 admissos
716 1224 860 1295 gregatim
877 1225 1047 1296 adulteros,
1070 1242 1172 1299 perer-

194 1316 293 1367 ratam
311 1306 466 1363 nocturnis
480 1305 755 1363 comessationibus
768 1306 933 1376 civitatem,
956 1309 1053 1365 forum
1071 1311 1172 1381 ipsum

196 1407 233 1449 ac
257 1396 371 1459 rostra,
396 1404 434 1446 ex
458 1388 568 1461 quibus
593 1395 678 1461 pater
699 1389 797 1461 legem
819 1390 857 1446 de
878 1390 1032 1449 adulteriis
1053 1392 1171 1465 tulerat,

195 1474 279 1533 [illae
300 1472 329 1529 in
353 1479 459 1545 stupra
482 1472 649 1545 placuisse,
672 1471 856 1530 cotidianum
872 1474 910 1530 ad
928 1473 1082 1550 Marsyam
1099 1489 1170 1535 con-

196 1572 337 1626 cursum,
361 1570 428 1613 cum
446 1571 485 1612 ex
500 1556 637 1613 adultera
655 1555 683 1612 in
701 1556 924 1629 quaestuariam
941 1573 1031 1616 versa
1045 1558 1091 1616 ius
1108 1574 1171 1616 onr—

194 1640 244 1699 nis
267 1638 406 1697 licentiae
428 1638 485 1697 sub
500 1638 603 1711 ignoto
618 1638 756 1697 adultero
773 1647 900 1713 peteret.
935 1640 1018 1699 Haec
1033 1650 1093 1700 tam
1108 1642 1200 1699 rma

196 1722 331 1782 dicanda
345 1720 475 1795 principi
491 1737 580 1795 quarn
597 1723 742 1793 tacenda,
766 1723 837 1796 quia
853 1725 1052 1797 quarumdam
1070 1742 1172 1784 rerum

195 1804 354 1879 turpitudo
371 1804 458 1863 etiarn
475 1805 513 1862 ad
530 1806 730 1863 vindicantem
746 1807 839 1878 redit,
863 1824 967 1880 parurn
984 1817 1092 1881 potens
1108 1808 1172 1868 irae

195 1888 416 1964 publicaverat.
444 1888 555 1946 deinde
576 1903 643 1947 cum
665 1890 844 1961 interposito
867 1898 1005 1963 tempore
1026 1892 1172 1951 inlocum

194 1974 262 2030 irae
277 1971 412 2030 subisset
426 1971 624 2044 verecundia,
646 1986 788 2044 genietiS,
811 1972 894 2044 quod
910 1989 970 2031 non
986 1974 1036 2031 ilia
1052 1976 1171 2035 silentio

195 2052 366 2130 pressisset
389 2070 468 2127 quae
488 2055 599 2112 tamdiu
619 2056 784 2126 nescierat,
808 2055 906 2114 donec
921 2058 1004 2129 loqui
1019 2065 1108 2130 turpe
1123 2074 1171 2116 es-

196 2145 261 2210 set,
284 2152 380 2211 saepe
405 2137 603 2195 exclamarit:
617 2149 620 2154 ·
636 2140 741 2196 boram
764 2140 837 2196 milri
859 2141 934 2197 nibil
952 2142 1120 2212 accidisset,
1146 2145 1174 2200 sc·

195 2228 251 2281 cat
264 2221 400 2295 Aqrippa
416 2228 468 2279 aut
481 2222 643 2279 Maecenas
656 2224 792 2280 vixisset:
813 2222 891 2281 adeo
905 2230 947 2281 tot
957 2222 1079 2281 habenti
1091 2224 1173 2281 milia

195 2304 354 2364 hominum
370 2304 449 2364 duos
463 2320 608 2377 reparare
625 2303 749 2363 difficile
768 2314 823 2364 est.
861 2306 976 2365 Caesae
993 2315 1063 2365 sunt
1078 2297 1200 2380 tegio-3

195 2403 254 2447 nes
275 2393 306 2444 et
325 2387 462 2460 protlnus
485 2388 626 2460 scriptae.
660 2389 755 2446 fracta
775 2388 884 2448 classis
906 2397 937 2448 et
956 2391 1033 2449 intra
1054 2407 1172 2463 paucos

197 2470 265 2529 dies'
280 2470 394 2529 natavit
407 2486 496 2529 nova.
525 2470 674 2529 saevitum
689 2477 736 2529 est
750 2470 779 2528 in
797 2488 890 2545 opera
907 2473 1027 2545 publiea
1042 2474 1171 2547 ignibus

196 2561 397 2612 surrexerunt
421 2553 546 2612 meliora
568 2553 774 2626 consumptis:
802 2562 864 2614 tota
887 2556 947 2613 vita
966 2557 1122 2630 Agrippae
1143 2565 1173 2615 et

195 2635 393 2695 MaecenatIs·
407 2636 526 2694 vacavit
545 2638 642 2696 locus.
679 2636 778 2709 Quinc
808 2644 909 2709 putem
931 2638 1068 2696 defuisse
1090 2638 1171 2696 simi-

195 2722 259 2790 les,
284 2720 336 2792 qui
352 2720 598 2791 adsumerentur‚
621 2737 659 2777 an
674 2721 773 2792 ipsius
790 2720 892 2778 vitium
907 2720 1018 2791 fuisse,
1042 2722 1093 2793 qui
1109 2736 1171 2779 ma-

196 2801 252 2862 luit
274 2801 363 2875 queri
385 2818 477 2875 quarn
497 2810 670 2876 quaerere?
702 2804 768 2862 Non
790 2810 837 2862 est
859 2804 940 2875 quod
964 2804 1201 2863 existimemus-l

195 2885 366 2959 Agrippam
388 2893 418 2943 et
437 2884 643 2945 Maecenatem
665 2888 772 2947 solitos
793 2886 834 2945 illi
851 2903 922 2945 vera
937 2888 1053 2947 dicere:
1078 2888 1173 2963 quisi

195 2969 363 3041 vixissent,
389 2968 465 3028 inter
487 2968 713 3029 dissimulantes
734 2971 873 3029 luissent.
913 2971 1037 3043 Regalis
1062 2972 1173 3045 ingenii

196 3066 266 3109 mos
288 3059 335 3110 est
356 3052 385 3109 in
408 3052 613 3125 praesentium
637 3054 849 3112 contumeliam
869 3054 983 3112 amiSsa
1002 3056 1127 3112 laudare
1144 3063 1174 3113 et

196 3134 245 3193 his
266 3134 407 3193 tn'rtulem
431 3135 504 3195 dare
524 3151 597 3194 vera
619 3135 755 3209 dicendi,
784 3153 802 3194 a
824 3136 935 3209 quibus
955 3136 1014 3193 iam
1029 3136 1173 3195 audiendi

196 3218 366 3292 perieulum
383 3235 444 3277 non
460 3226 516 3277 est.

260 3300 393 3359 XXXIII.
422 3301 486 3360 Sed
507 3310 539 3362 ut
548 3319 607 3361 me
628 3304 668 3361 ad
689 3303 878 3375 propositum
895 3303 1055 3371 reducam,
1075 3302 1201 3374 vides‚1

199 3400 291 3458 quam
313 3385 402 3443 facile
417 3386 454 3444 sit
468 3387 594 3458 gratiam
609 3387 722 3443 referre
740 3386 877 3444 felicibus
893 3394 923 3443 et
938 3385 967 3443 in
985 3401 1102 3444 summo
1116 3384 1172 3443 hu-

197 3483 356 3526 manarum
371 3485 465 3542 opum
481 3470 600 3542 positis.
635 3470 690 3527 Dic
702 3469 761 3527 illis
773 3486 833 3528 non
848 3471 931 3543 quod
943 3472 1047 3528 volunt
1058 3467 1173 3538 andice,

198 3552 253 3609 sed
271 3550 356 3625 qnod
378 3552 503 3610 audisse
519 3569 641 3627 semper
655 3554 768 3611 volent.
798 3554 904 3627 plenas
919 3568 1011 3611 aures
1027 3552 1173 3610 adulatio-

200 3633 290 3693 nibus
301 3634 468 3707 aliquando
481 3652 551 3694 vera
564 3653 625 3696 vox
636 3637 732 3695 intret.
750 3637 790 3694 da
801 3634 960 3695 consilium
974 3635 1052 3693 utile.
1079 3635 1203 3707 Quae-2

199 3716 255 3794 ris,
281 3718 354 3793 quid
370 3718 450 3778 felici
466 3728 622 3794 praestare
637 3719 765 3793 possis?
793 3720 882 3778 effice
899 3734 938 3777 ne
954 3717 1085 3778 felicitati
1100 3734 1175 3778 suae
