2942 4384
387 448 704 525 adiunctionem
726 449 799 511 LIB.
814 451 863 512 llI.
882 459 979 515 2-9.
1106 446 1168 512 217

194 603 266 663 liam
291 601 449 661 abundare
472 598 547 659 rivis
568 607 599 661 et
617 598 809 674 fluminibus,
838 603 911 678 quia
936 602 1024 663 coelo
1040 601 1166 663 humido

196 694 321 747 utuntur
334 692 366 745 et
380 700 417 743 ne
435 692 537 743 aestas
554 684 675 757 quidem
691 684 838 745 imbribus
859 692 951 745 caret.

257 770 322 829 Vll.
347 770 507 827 Adversus
523 767 599 826 haec
614 770 706 827 multa
720 785 816 842 posse
831 763 890 829 diei
907 770 1003 829 vides.
1036 769 1167 829 Primum
1185 778 1195 827 l

195 868 254 928 ego
266 852 321 913 tibi
334 852 491 911 vinearum
503 850 632 924 diligens
646 854 749 911 lossor
761 853 898 926 adfirmo,
912 855 1023 912 nullam
1035 854 1167 927 pluviam

195 952 268 997 esse
290 943 362 1010 [tam
384 936 549 1011 magnam,
570 950 648 1006 quae
670 942 781 994 terram
802 938 880 995 ultra
903 938 1009 996 decem
1025 938 1121 1011 pedes
1137 937 1167 995 in

178 1020 383 1081 altitudinem
404 1017 599 1077 madefaciat:
623 1018 720 1077 omnis
742 1018 851 1079 humor
865 1020 942 1079 intra
958 1021 1083 1093 primam
1100 1036 1167 1079 cru·

195 1112 276 1164 stam
293 1102 481 1161 consumitur
501 1116 558 1158 nee
584 1100 613 1158 ia
642 1100 784 1161 interiora
805 1103 974 1163 deseendit
1012 1104 1200 1178 quomodon

194 1202 270 1259 ergo
284 1186 381 1244 imber
394 1198 560 1259 suggerere
575 1192 676 1258 potest
688 1186 826 1244 amnibus
843 1188 937 1258 vires,
953 1186 1005 1260 qui
1020 1203 1168 1246 summam

193 1276 312 1328 tentum
326 1268 448 1327 humum
466 1266 570 1340 tingite
604 1284 675 1342 pars
691 1269 787 1328 maior
802 1269 868 1328 eius
884 1285 939 1343 per
953 1268 1109 1328 fluminum
1124 1271 1167 1328 al-

193 1368 273 1412 veos
287 1352 318 1410 in
336 1367 418 1410 mare
432 1352 575 1409 aufertur.
608 1350 750 1423 exiguam
767 1362 828 1424 est,
845 1353 926 1426 quod
943 1353 1066 1412 sorbeat
1078 1360 1167 1423 terra,

193 1451 252 1495 nee
264 1434 294 1493 id
307 1443 418 1495 servat.
438 1434 578 1493 autenim
589 1434 672 1492 arida
684 1443 731 1493 est
742 1443 772 1493 et
782 1434 913 1494 absumit
923 1437 952 1494 in
965 1451 1009 1505 se,
1021 1435 1167 1509 quicquid
1255 1494 1258 1505 ,

194 1518 329 1578 inlusum
345 1525 404 1585 est,
429 1525 480 1577 aut
495 1517 618 1591 satiata,
641 1517 668 1575 si
685 1518 757 1590 quid
776 1535 871 1591 supra
887 1517 1073 1578 desiderium
1089 1518 1167 1577 ceci·

195 1602 253 1675 dit,
285 1602 437 1661 excludet.
469 1608 500 1659 et
525 1600 594 1659 ideo
621 1599 726 1673 primis
753 1601 900 1661 imbribus
928 1617 988 1659 non
1017 1609 1167 1675 augemur

194 1700 319 1757 amnes,
343 1684 413 1758 quia
430 1691 509 1743 totos
525 1683 553 1740 in
570 1699 603 1742 se
619 1683 724 1743 sitiens
740 1693 818 1744 terra
834 1685 939 1744 trahit
965 1683 1057 1757 Quid,
1083 1685 1165 1758 quod
1181 1705 1200 1757 3·

194 1767 349 1845 quaedam
369 1767 494 1826 llurnina
512 1773 671 1841 erumpunt
690 1769 775 1827 saxis
791 1776 821 1826 et
834 1768 1007 1827 montibus?
1029 1768 1076 1827 liis
1092 1767 1166 1842 quid

194 1852 356 1911 conserent
370 1851 507 1925 pluviae,
530 1865 608 1923 quae
624 1865 678 1924 per
692 1851 792 1910 nudas
806 1866 900 1925 rupes
916 1852 1094 1911 deteruntur
1110 1866 1166 1910 nec

193 1935 309 1993 habent
324 1939 472 2005 [terram]‚
497 1933 543 1992 cui
560 1933 719 1996 insideant.
754 1934 865 2005 Adice,
889 1934 970 2007 quod
988 1935 1165 1993 siccissimis

193 2017 274 2077 loeis
296 2016 378 2091 putei
404 2018 433 2075 in
455 2018 547 2076 altum
568 2017 626 2076 acti
641 2019 720 2076 ultra
734 2017 935 2076 ducentorum
950 2024 1001 2075 aut
1017 2024 1165 2075 trecento·

193 2116 262 2161 rum
285 2101 398 2174 pedum
418 2100 549 2175 spatium
566 2100 722 2160 inveniunt
737 2115 883 2174 aquarum
898 2100 1011 2159 uberes
1025 2114 1120 2157 venas
1134 2097 1164 2157 in

194 2199 233 2244 ea
254 2183 424 2255 altitudine,
449 2184 480 2242 in
501 2200 592 2258 quarn
613 2200 694 2256 aqua
714 2200 774 2243 non
792 2190 940 2257 penetrat,
963 2190 996 2241 ut
1010 2183 1091 2241 scias
1105 2182 1165 2242 illic

194 2281 258 2326 non
271 2268 433 2327 coelestem
448 2283 519 2327 esse
534 2282 591 2325 nec
604 2267 794 2327 collectivum
809 2267 981 2339 humorem,
995 2266 1067 2338 sed,
1083 2265 1167 2339 quod

195 2349 257 2409 diei
279 2351 371 2422 solet,
393 2350 492 2409 vivam
515 2367 634 2425 aquam.
666 2352 720 2410 lllo
744 2367 868 2426 quoque
890 2357 1069 2425 argumento
1091 2349 1199 2408 bacol

194 2431 300 2507 opinio
315 2434 474 2504 refellitur,
490 2435 709 2507 quodquidam
725 2436 823 2495 lomes
836 2436 865 2492 in
880 2450 998 2493 summo
1011 2433 1166 2492 cacumine

195 2517 306 2575 montis
326 2517 503 2575 redundant
530 2518 657 2591 adparet
678 2518 746 2577 illos
767 2534 889 2577 sursum
905 2517 953 2590 agi
968 2525 1020 2577 aut
1034 2516 1075 2574 ibi
1092 2518 1165 2574 con-

195 2598 270 2675 cipi,
290 2614 357 2658 cum
374 2600 471 2659 omnis
488 2600 628 2673 pluvialis
644 2617 725 2675 aqua
740 2602 889 2659 decurrat·

255 2682 334 2747 vlit.
357 2682 483 2756 Quidam
500 2683 686 2755 existimant,
707 2683 961 2757 quemadmodum
977 2682 1007 2740 in
1023 2680 1165 2739 exteriori

194 2771 284 2841 parte
303 2772 450 2825 terrerum
470 2775 574 2825 vastae
598 2767 725 2841 paludes
744 2767 844 2825 iacent
857 2766 1022 2839 magnique
1037 2771 1067 2822 et
1082 2765 1165 2821 navi·

194 2848 313 2923 gabiles
335 2850 436 2921 lacus,
462 2850 718 2923 quemadmodum
741 2850 852 2923 ingenti
875 2847 975 2922 spatio
996 2849 1165 2924 [terrarum]

194 2931 292 2990 maria
312 2932 413 2991 inlusa
433 2934 562 2992 vallibus
585 2940 724 3007 porrecta
747 2941 832 3005 sunt,
853 2933 898 2992 sie
914 2932 1058 2991 interiora
1073 2940 1165 2990 terra·

193 3030 262 3073 rum
287 3015 446 3074 abundare
471 3016 561 3089 aquis
583 3015 724 3076 dulcibus
746 3032 804 3076 nec
826 3018 926 3076 minus
941 3017 1009 3075 illas
1024 3023 1166 3088 stagnare

194 3113 288 3171 quam
309 3098 392 3172 apud
414 3114 470 3157 nos
486 3114 632 3159 oceanum
650 3107 679 3157 et
694 3099 780 3159 sinus
796 3100 872 3159 eius.
905 3101 994 3158 immo
1012 3113 1048 3156 eo
1065 3099 1164 3168 latius,

195 3197 257 3253 quo
282 3182 349 3254 plus
363 3189 442 3258 terra
457 3182 487 3239 in
502 3183 593 3241 altum
609 3189 699 3256 patet.
730 3183 811 3255 Ergo
827 3180 932 3239 axilla
948 3180 1100 3254 protunda
1114 3195 1164 3239 co·

195 3263 247 3337 pia
268 3262 317 3324 isti
337 3280 443 3324 amnes
457 3272 635 3338 egeruntur,
661 3280 741 3338 quos
757 3264 829 3338 quid
845 3264 961 3322 miraris
978 3263 1004 3321 si
1019 3270 1099 3321 terra
1112 3262 1165 3320 de·

193 3353 309 3407 tractos
324 3364 385 3408 non
401 3349 504 3418 sentit,
521 3364 588 3407 eum
603 3348 741 3407 adiectos
756 3346 851 3405 maria
867 3363 925 3405 non
942 3346 1083 3405 sentiunt.

257 3430 307 3489 IX.
341 3430 529 3504 Quibusdam
544 3430 621 3490 haec
639 3446 732 3490 causa
749 3432 860 3505 placata
882 3431 965 3488 aium
979 3428 1092 3487 habere
1107 3434 1165 3486 ter-
1182 3436 1195 3486 1

192 3529 259 3573 ram
281 3513 359 3572 intra
383 3531 418 3574 se
438 3530 582 3574 recessus
598 3530 692 3573 cavos
707 3522 737 3574 et
751 3515 876 3573 multum
891 3511 1030 3587 spiritus,
1046 3511 1097 3583 qui
1113 3527 1164 3570 ne-

192 3597 332 3656 cessario
355 3598 491 3670 frigescit
513 3598 619 3658 umbra
633 3598 718 3671 gravi
734 3613 872 3671 pressus.
904 3596 1016 3655 deinde
1035 3593 1166 3667 pigeret

191 3681 326 3741 inmotus
340 3681 370 3741 in
386 3696 513 3756 aquam,
534 3696 602 3742 cum
618 3696 652 3741 se
668 3680 758 3741 desiit
770 3682 870 3755 terre,
891 3678 1085 3740 convertitur.
1118 3677 1160 3738 Si·
1178 3687 1196 3738 ‘t
