<?xml version="1.0" encoding="UTF-8"?>
<!DOCTYPE html PUBLIC "-//W3C//DTD XHTML 1.0 Transitional//EN"
    "http://www.w3.org/TR/xhtml1/DTD/xhtml1-transitional.dtd">
<html xmlns="http://www.w3.org/1999/xhtml" xml:lang="en" lang="en">
 <head>
  <title>
</title>
<meta http-equiv="Content-Type" content="text/html;charset=utf-8" />
  <meta name='ocr-system' content='tesseract 3.04.00' />
  <meta name='ocr-capabilities' content='ocr_page ocr_carea ocr_par ocr_line ocrx_word'/>
</head>
<body>
  <div class='ocr_page' id='page_1' title='image "./lannaeisenecaeo07senegoog_0117.png"; bbox 0 0 2942 4384; ppageno 0'>
   <div class='ocr_carea' id='block_1_1' title="bbox 391 430 1167 496">
    <p class='ocr_par' dir='ltr' id='par_1_1' title="bbox 391 430 1167 496">
     <span class='ocr_line' id='line_1_1' title="bbox 391 430 1167 496; baseline -0.001 0"><span class='ocrx_word' id='word_1_1' title='bbox 391 435 441 496; x_wconf 84' lang='lat' dir='ltr'>DE</span> <span class='ocrx_word' id='word_1_2' title='bbox 461 433 673 496; x_wconf 84' lang='lat' dir='ltr'>BENEFICIIS</span> <span class='ocrx_word' id='word_1_3' title='bbox 694 433 767 495; x_wconf 86' lang='lat' dir='ltr'>LtB.</span> <span class='ocrx_word' id='word_1_4' title='bbox 779 435 817 495; x_wconf 90' lang='lat' dir='ltr'>V.</span> <span class='ocrx_word' id='word_1_5' title='bbox 839 442 971 495; x_wconf 77' lang='lat'>20-24.</span> <span class='ocrx_word' id='word_1_6' title='bbox 1106 430 1167 496; x_wconf 85' lang='lat'>105</span> 
     </span>
    </p>
   </div>
   <div class='ocr_carea' id='block_1_2' title="bbox 199 567 1198 663">
    <p class='ocr_par' dir='ltr' id='par_1_2' title="bbox 199 567 1198 663">
     <span class='ocr_line' id='line_1_2' title="bbox 199 567 1198 663; baseline 0 -15"><span class='ocrx_word' id='word_1_7' title='bbox 199 603 288 663; x_wconf 91' lang='lat' dir='ltr'>quare</span> <span class='ocrx_word' id='word_1_8' title='bbox 304 587 440 647; x_wconf 78' lang='lat' dir='ltr'>dubitem</span> <span class='ocrx_word' id='word_1_9' title='bbox 455 595 486 647; x_wconf 89' lang='lat' dir='ltr'>et</span> <span class='ocrx_word' id='word_1_10' title='bbox 500 585 556 646; x_wconf 91' lang='lat' dir='ltr'>sibi</span> <span class='ocrx_word' id='word_1_11' title='bbox 571 567 713 648; x_wconf 84' lang='lat' dir='ltr'>meliores</span> <span class='ocrx_word' id='word_1_12' title='bbox 726 587 837 647; x_wconf 87' lang='lat' dir='ltr'>etmihi</span> <span class='ocrx_word' id='word_1_13' title='bbox 850 588 972 648; x_wconf 80' lang='lat' dir='ltr'>laceret</span> <span class='ocrx_word' id='word_1_14' title='bbox 993 589 1198 662; x_wconf 82' lang='lat' dir='ltr'>Quemnam-2</span> 
     </span>
    </p>
   </div>
   <div class='ocr_carea' id='block_1_3' title="bbox 152 672 1200 3737">
    <p class='ocr_par' dir='ltr' id='par_1_3' title="bbox 153 672 1198 1975">
     <span class='ocr_line' id='line_1_3' title="bbox 199 672 1169 746; baseline 0.005 -16"><span class='ocrx_word' id='word_1_15' title='bbox 199 688 252 746; x_wconf 81' lang='lat' dir='ltr'>que</span> <span class='ocrx_word' id='word_1_16' title='bbox 276 679 423 745; x_wconf 89' lang='lat' dir='ltr'>potuero,</span> <span class='ocrx_word' id='word_1_17' title='bbox 453 687 583 744; x_wconf 87' lang='lat' dir='ltr'>peceare</span> <span class='ocrx_word' id='word_1_18' title='bbox 603 672 786 745; x_wconf 84' lang='lat' dir='ltr'><strong>prohibebo,</strong></span> <span class='ocrx_word' id='word_1_19' title='bbox 810 673 902 731; x_wconf 89' lang='lat' dir='ltr'>multo</span> <span class='ocrx_word' id='word_1_20' title='bbox 925 674 1020 745; x_wconf 81' lang='lat' dir='ltr'>magis</span> <span class='ocrx_word' id='word_1_21' title='bbox 1041 675 1169 734; x_wconf 90' lang='lat' dir='ltr'>amicum</span> 
     </span>
     <span class='ocr_line' id='line_1_4' title="bbox 198 754 1169 829; baseline 0.003 -16"><span class='ocrx_word' id='word_1_22' title='bbox 198 763 222 813; x_wconf 88' lang='lat' dir='ltr'>et</span> <span class='ocrx_word' id='word_1_23' title='bbox 239 771 279 813; x_wconf 95' lang='lat' dir='ltr'>ne</span> <span class='ocrx_word' id='word_1_24' title='bbox 300 761 410 828; x_wconf 72' lang='lat' dir='ltr'>preccet</span> <span class='ocrx_word' id='word_1_25' title='bbox 425 761 455 813; x_wconf 91' lang='lat' dir='ltr'>et</span> <span class='ocrx_word' id='word_1_26' title='bbox 469 769 507 812; x_wconf 89' lang='lat' dir='ltr'>ne</span> <span class='ocrx_word' id='word_1_27' title='bbox 522 754 552 813; x_wconf 93' lang='lat' dir='ltr'>in</span> <span class='ocrx_word' id='word_1_28' title='bbox 569 770 616 812; x_wconf 90' lang='lat' dir='ltr'>me</span> <span class='ocrx_word' id='word_1_29' title='bbox 632 754 821 828; x_wconf 85' lang='lat' dir='ltr'>potissimum</span> <span class='ocrx_word' id='word_1_30' title='bbox 839 762 955 829; x_wconf 90' lang='lat' dir='ltr'>peccet.</span> <span class='ocrx_word' id='word_1_31' title='bbox 988 757 1113 814; x_wconf 90' lang='lat' dir='ltr'>alterum</span> <span class='ocrx_word' id='word_1_32' title='bbox 1128 759 1169 816; x_wconf 93' lang='lat' dir='ltr'>illi</span> 
     </span>
     <span class='ocr_line' id='line_1_5' title="bbox 197 837 1170 912; baseline 0.003 -15"><span class='ocrx_word' id='word_1_33' title='bbox 197 838 374 897; x_wconf 86' lang='lat' dir='ltr'>beneficium</span> <span class='ocrx_word' id='word_1_34' title='bbox 397 837 453 906; x_wconf 93' lang='lat' dir='ltr'>do,</span> <span class='ocrx_word' id='word_1_35' title='bbox 481 837 507 895; x_wconf 91' lang='lat' dir='ltr'>si</span> <span class='ocrx_word' id='word_1_36' title='bbox 527 838 609 897; x_wconf 91' lang='lat' dir='ltr'>illum</span> <span class='ocrx_word' id='word_1_37' title='bbox 630 838 779 911; x_wconf 83' lang='lat' dir='ltr'>ingratum</span> <span class='ocrx_word' id='word_1_38' title='bbox 801 854 872 897; x_wconf 89' lang='lat' dir='ltr'>esse</span> <span class='ocrx_word' id='word_1_39' title='bbox 892 855 952 898; x_wconf 91' lang='lat' dir='ltr'>non</span> <span class='ocrx_word' id='word_1_40' title='bbox 971 841 1079 912; x_wconf 86' lang='lat' dir='ltr'>patior.</span> <span class='ocrx_word' id='word_1_41' title='bbox 1113 855 1170 900; x_wconf 88' lang='lat' dir='ltr'>nec</span> 
     </span>
     <span class='ocr_line' id='line_1_6' title="bbox 198 919 1169 996; baseline 0.004 -18"><span class='ocrx_word' id='word_1_42' title='bbox 198 921 267 980; x_wconf 90' lang='lat' dir='ltr'>dure</span> <span class='ocrx_word' id='word_1_43' title='bbox 289 921 332 979; x_wconf 91' lang='lat' dir='ltr'>illi</span> <span class='ocrx_word' id='word_1_44' title='bbox 355 919 548 993; x_wconf 83' lang='lat' dir='ltr'>exprobrabo</span> <span class='ocrx_word' id='word_1_45' title='bbox 571 936 650 994; x_wconf 86' lang='lat' dir='ltr'>qnae</span> <span class='ocrx_word' id='word_1_46' title='bbox 672 921 822 995; x_wconf 89' lang='lat' dir='ltr'>praestiti,</span> <span class='ocrx_word' id='word_1_47' title='bbox 850 922 903 980; x_wconf 91' lang='lat' dir='ltr'>sed</span> <span class='ocrx_word' id='word_1_48' title='bbox 926 938 1016 995; x_wconf 88' lang='lat' dir='ltr'>quam</span> <span class='ocrx_word' id='word_1_49' title='bbox 1042 930 1169 996; x_wconf 87' lang='lat' dir='ltr'>potuero</span> 
     </span>
     <span class='ocr_line' id='line_1_7' title="bbox 198 1003 1168 1078; baseline 0.002 -16"><span class='ocrx_word' id='word_1_50' title='bbox 198 1003 388 1074; x_wconf 82' lang='lat' dir='ltr'>mollissime,</span> <span class='ocrx_word' id='word_1_51' title='bbox 410 1011 442 1061; x_wconf 92' lang='lat' dir='ltr'>ut</span> <span class='ocrx_word' id='word_1_52' title='bbox 456 1010 637 1076; x_wconf 88' lang='lat' dir='ltr'>potestatem</span> <span class='ocrx_word' id='word_1_53' title='bbox 651 1004 831 1062; x_wconf 79' lang='lat' dir='ltr'>referendae</span> <span class='ocrx_word' id='word_1_54' title='bbox 846 1003 960 1078; x_wconf 81' lang='lat' dir='ltr'>gratiae</span> <span class='ocrx_word' id='word_1_55' title='bbox 976 1006 1098 1076; x_wconf 85' lang='lat' dir='ltr'>luciam,</span> <span class='ocrx_word' id='word_1_56' title='bbox 1122 1022 1168 1064; x_wconf 90' lang='lat' dir='ltr'>re·</span> 
     </span>
     <span class='ocr_line' id='line_1_8' title="bbox 199 1086 1169 1160; baseline 0.004 -16"><span class='ocrx_word' id='word_1_57' title='bbox 199 1086 314 1146; x_wconf 90' lang='lat' dir='ltr'>novabo</span> <span class='ocrx_word' id='word_1_58' title='bbox 331 1086 507 1143; x_wconf 80' lang='lat' dir='ltr'>memoriam</span> <span class='ocrx_word' id='word_1_59' title='bbox 521 1086 587 1146; x_wconf 89' lang='lat' dir='ltr'>eius</span> <span class='ocrx_word' id='word_1_60' title='bbox 604 1094 632 1145; x_wconf 90' lang='lat' dir='ltr'>et</span> <span class='ocrx_word' id='word_1_61' title='bbox 648 1093 749 1160; x_wconf 88' lang='lat' dir='ltr'>petam</span> <span class='ocrx_word' id='word_1_62' title='bbox 762 1086 958 1146; x_wconf 86' lang='lat' dir='ltr'>beneficium=</span> <span class='ocrx_word' id='word_1_63' title='bbox 981 1087 1048 1160; x_wconf 90' lang='lat' dir='ltr'>ipse</span> <span class='ocrx_word' id='word_1_64' title='bbox 1064 1105 1111 1148; x_wconf 90' lang='lat' dir='ltr'>me</span> <span class='ocrx_word' id='word_1_65' title='bbox 1122 1104 1169 1147; x_wconf 90' lang='lat' dir='ltr'>re·</span> 
     </span>
     <span class='ocr_line' id='line_1_9' title="bbox 199 1169 1198 1245; baseline 0.003 -17"><span class='ocrx_word' id='word_1_66' title='bbox 199 1177 299 1242; x_wconf 88' lang='lat' dir='ltr'>petere</span> <span class='ocrx_word' id='word_1_67' title='bbox 319 1169 482 1241; x_wconf 85' lang='lat' dir='ltr'>intelleget.</span> <span class='ocrx_word' id='word_1_68' title='bbox 522 1169 697 1242; x_wconf 82' lang='lat' dir='ltr'>Aliquando</span> <span class='ocrx_word' id='word_1_69' title='bbox 719 1177 787 1228; x_wconf 86' lang='lat' dir='ltr'>utar</span> <span class='ocrx_word' id='word_1_70' title='bbox 806 1170 908 1229; x_wconf 89' lang='lat' dir='ltr'>verbis</span> <span class='ocrx_word' id='word_1_71' title='bbox 930 1170 1120 1245; x_wconf 91' lang='lat' dir='ltr'>durioribus,</span> <span class='ocrx_word' id='word_1_72' title='bbox 1143 1172 1198 1231; x_wconf 72' lang='lat' dir='ltr'>sib</span> 
     </span>
     <span class='ocr_line' id='line_1_10' title="bbox 200 1252 1169 1329; baseline 0.004 -19"><span class='ocrx_word' id='word_1_73' title='bbox 200 1252 349 1310; x_wconf 88' lang='lat' dir='ltr'>emendari</span> <span class='ocrx_word' id='word_1_74' title='bbox 370 1252 452 1309; x_wconf 93' lang='lat' dir='ltr'>illum</span> <span class='ocrx_word' id='word_1_75' title='bbox 474 1267 641 1325; x_wconf 88' lang='lat' dir='ltr'>speravero</span> <span class='ocrx_word' id='word_1_76' title='bbox 667 1268 771 1325; x_wconf 88' lang='lat' dir='ltr'>posse.</span> <span class='ocrx_word' id='word_1_77' title='bbox 804 1268 873 1310; x_wconf 91' lang='lat' dir='ltr'>nam</span> <span class='ocrx_word' id='word_1_78' title='bbox 894 1253 1083 1326; x_wconf 90' lang='lat' dir='ltr'>deploratum</span> <span class='ocrx_word' id='word_1_79' title='bbox 1100 1272 1169 1329; x_wconf 88' lang='lat' dir='ltr'>pro-</span> 
     </span>
     <span class='ocr_line' id='line_1_11' title="bbox 199 1335 1168 1408; baseline 0 -13"><span class='ocrx_word' id='word_1_80' title='bbox 199 1344 258 1408; x_wconf 84' lang='lat' dir='ltr'>pter</span> <span class='ocrx_word' id='word_1_81' title='bbox 278 1335 341 1393; x_wconf 89' lang='lat' dir='ltr'>hoc</span> <span class='ocrx_word' id='word_1_82' title='bbox 358 1349 481 1408; x_wconf 84' lang='lat' dir='ltr'>quoque</span> <span class='ocrx_word' id='word_1_83' title='bbox 502 1351 563 1393; x_wconf 90' lang='lat' dir='ltr'>non</span> <span class='ocrx_word' id='word_1_84' title='bbox 579 1335 754 1408; x_wconf 81' lang='lat' dir='ltr'>exagitabo,</span> <span class='ocrx_word' id='word_1_85' title='bbox 779 1350 817 1392; x_wconf 94' lang='lat' dir='ltr'>ne</span> <span class='ocrx_word' id='word_1_86' title='bbox 832 1350 871 1392; x_wconf 87' lang='lat' dir='ltr'>ex</span> <span class='ocrx_word' id='word_1_87' title='bbox 886 1335 1002 1408; x_wconf 82' lang='lat' dir='ltr'>ingrato</span> <span class='ocrx_word' id='word_1_88' title='bbox 1017 1337 1168 1395; x_wconf 88' lang='lat' dir='ltr'>inimicum</span> 
     </span>
     <span class='ocr_line' id='line_1_12' title="bbox 199 1417 1168 1491; baseline 0.001 -15"><span class='ocrx_word' id='word_1_89' title='bbox 199 1419 312 1478; x_wconf 83' lang='lat' dir='ltr'>faciam.</span> <span class='ocrx_word' id='word_1_90' title='bbox 351 1417 465 1490; x_wconf 84' lang='lat' dir='ltr'>Quodsi</span> <span class='ocrx_word' id='word_1_91' title='bbox 488 1417 703 1476; x_wconf 82' lang='lat' dir='ltr'>admonitionis</span> <span class='ocrx_word' id='word_1_92' title='bbox 726 1432 850 1491; x_wconf 90' lang='lat' dir='ltr'>qnoque</span> <span class='ocrx_word' id='word_1_93' title='bbox 865 1419 1106 1491; x_wconf 84' lang='lat' dir='ltr'>suggillationem</span> <span class='ocrx_word' id='word_1_94' title='bbox 1124 1419 1168 1477; x_wconf 92' lang='lat' dir='ltr'>in-</span> 
     </span>
     <span class='ocr_line' id='line_1_13' title="bbox 153 1501 1169 1574; baseline 0.001 -15"><span class='ocrx_word' id='word_1_95' title='bbox 153 1502 154 1513; x_wconf 57' lang='lat'><em>*</em></span> <span class='ocrx_word' id='word_1_96' title='bbox 199 1501 285 1574; x_wconf 75' lang='lat' dir='ltr'>gratis</span> <span class='ocrx_word' id='word_1_97' title='bbox 302 1501 495 1572; x_wconf 72' lang='lat' dir='ltr'>remittimus,</span> <span class='ocrx_word' id='word_1_98' title='bbox 519 1501 678 1573; x_wconf 79' lang='lat' dir='ltr'>segniores</span> <span class='ocrx_word' id='word_1_99' title='bbox 693 1501 733 1559; x_wconf 91' lang='lat' dir='ltr'>ad</span> <span class='ocrx_word' id='word_1_100' title='bbox 748 1501 905 1559; x_wconf 88' lang='lat' dir='ltr'>reddenda</span> <span class='ocrx_word' id='word_1_101' title='bbox 917 1501 1065 1560; x_wconf 87' lang='lat' dir='ltr'>beneficia</span> <span class='ocrx_word' id='word_1_102' title='bbox 1077 1503 1169 1561; x_wconf 86' lang='lat' dir='ltr'>lacie-</span> 
     </span>
     <span class='ocr_line' id='line_1_14' title="bbox 200 1583 1198 1658; baseline 0.001 -16"><span class='ocrx_word' id='word_1_103' title='bbox 200 1600 270 1645; x_wconf 88' lang='lat' dir='ltr'>mus.</span> <span class='ocrx_word' id='word_1_104' title='bbox 308 1584 465 1657; x_wconf 91' lang='lat' dir='ltr'>Quosdam</span> <span class='ocrx_word' id='word_1_105' title='bbox 489 1600 562 1643; x_wconf 91' lang='lat' dir='ltr'>vero</span> <span class='ocrx_word' id='word_1_106' title='bbox 584 1584 737 1642; x_wconf 85' lang='lat' dir='ltr'>sanabiles</span> <span class='ocrx_word' id='word_1_107' title='bbox 760 1585 855 1658; x_wconf 89' lang='lat' dir='ltr'>etqui</span> <span class='ocrx_word' id='word_1_108' title='bbox 871 1583 1023 1643; x_wconf 90' lang='lat' dir='ltr'>fieriboni</span> <span class='ocrx_word' id='word_1_109' title='bbox 1039 1586 1198 1658; x_wconf 83' lang='lat' dir='ltr'>possint‚4</span> 
     </span>
     <span class='ocr_line' id='line_1_15' title="bbox 168 1666 1170 1742; baseline 0.002 -17"><span class='ocrx_word' id='word_1_110' title='bbox 168 1689 171 1694; x_wconf 94' lang='lat'>·</span> <span class='ocrx_word' id='word_1_111' title='bbox 201 1667 314 1742; x_wconf 89' lang='lat' dir='ltr'>siquid</span> <span class='ocrx_word' id='word_1_112' title='bbox 336 1667 406 1725; x_wconf 91' lang='lat' dir='ltr'>illos</span> <span class='ocrx_word' id='word_1_113' title='bbox 431 1668 640 1738; x_wconf 85' lang='lat' dir='ltr'>momorderit,</span> <span class='ocrx_word' id='word_1_114' title='bbox 659 1666 769 1741; x_wconf 81' lang='lat' dir='ltr'>‚perire</span> <span class='ocrx_word' id='word_1_115' title='bbox 795 1668 943 1741; x_wconf 89' lang='lat' dir='ltr'>patiemur</span> <span class='ocrx_word' id='word_1_116' title='bbox 963 1668 1170 1728; x_wconf 68' lang='lat' dir='ltr'>admonitione</span> 
     </span>
     <span class='ocr_line' id='line_1_16' title="bbox 202 1749 1170 1829; baseline 0.002 -21"><span class='ocrx_word' id='word_1_117' title='bbox 202 1751 328 1821; x_wconf 88' lang='lat' dir='ltr'>sublata,</span> <span class='ocrx_word' id='word_1_118' title='bbox 352 1767 413 1822; x_wconf 84' lang='lat' dir='ltr'>qua</span> <span class='ocrx_word' id='word_1_119' title='bbox 432 1757 462 1808; x_wconf 91' lang='lat' dir='ltr'>et</span> <span class='ocrx_word' id='word_1_120' title='bbox 475 1758 568 1823; x_wconf 87' lang='lat' dir='ltr'>pater</span> <span class='ocrx_word' id='word_1_121' title='bbox 588 1749 681 1808; x_wconf 90' lang='lat' dir='ltr'>filium</span> <span class='ocrx_word' id='word_1_122' title='bbox 703 1751 873 1829; x_wconf 72' lang='lat' dir='ltr'>aliquando</span> <span class='ocrx_word' id='word_1_123' title='bbox 891 1753 1022 1810; x_wconf 89' lang='lat' dir='ltr'>correxit</span> <span class='ocrx_word' id='word_1_124' title='bbox 1042 1759 1070 1810; x_wconf 93' lang='lat' dir='ltr'>et</span> <span class='ocrx_word' id='word_1_125' title='bbox 1090 1767 1170 1810; x_wconf 86' lang='lat' dir='ltr'>uxor</span> 
     </span>
     <span class='ocr_line' id='line_1_17' title="bbox 202 1833 1169 1908; baseline 0.003 -18"><span class='ocrx_word' id='word_1_126' title='bbox 202 1835 332 1892; x_wconf 88' lang='lat' dir='ltr'>maritum</span> <span class='ocrx_word' id='word_1_127' title='bbox 353 1833 542 1891; x_wconf 89' lang='lat' dir='ltr'>aberrantem</span> <span class='ocrx_word' id='word_1_128' title='bbox 563 1834 601 1892; x_wconf 91' lang='lat' dir='ltr'>ad</span> <span class='ocrx_word' id='word_1_129' title='bbox 620 1849 654 1892; x_wconf 88' lang='lat' dir='ltr'>se</span> <span class='ocrx_word' id='word_1_130' title='bbox 668 1833 790 1893; x_wconf 89' lang='lat' dir='ltr'>reduxit</span> <span class='ocrx_word' id='word_1_131' title='bbox 803 1842 833 1892; x_wconf 92' lang='lat' dir='ltr'>et</span> <span class='ocrx_word' id='word_1_132' title='bbox 847 1833 962 1894; x_wconf 87' lang='lat' dir='ltr'>amiens</span> <span class='ocrx_word' id='word_1_133' title='bbox 976 1837 1169 1908; x_wconf 79' lang='lat' dir='ltr'>languentem</span> 
     </span>
     <span class='ocr_line' id='line_1_18' title="bbox 204 1917 508 1975; baseline -0.003 -2"><span class='ocrx_word' id='word_1_134' title='bbox 204 1917 280 1975; x_wconf 87' lang='lat' dir='ltr'>amici</span> <span class='ocrx_word' id='word_1_135' title='bbox 295 1917 388 1975; x_wconf 85' lang='lat' dir='ltr'>fidem</span> <span class='ocrx_word' id='word_1_136' title='bbox 404 1917 508 1975; x_wconf 88' lang='lat' dir='ltr'>erexit.</span> 
     </span>
    </p>

    <p class='ocr_par' dir='ltr' id='par_1_4' title="bbox 207 1997 1197 2738">
     <span class='ocr_line' id='line_1_19' title="bbox 254 1997 1194 2073; baseline -0.002 -14"><span class='ocrx_word' id='word_1_137' title='bbox 254 2000 360 2059; x_wconf 89' lang='lat' dir='ltr'>XXlll.</span> <span class='ocrx_word' id='word_1_138' title='bbox 392 1999 518 2072; x_wconf 84' lang='lat' dir='ltr'>Quidam</span> <span class='ocrx_word' id='word_1_139' title='bbox 533 2005 566 2058; x_wconf 92' lang='lat' dir='ltr'>ut</span> <span class='ocrx_word' id='word_1_140' title='bbox 581 1997 848 2073; x_wconf 83' lang='lat' dir='ltr'>expergiscantur,</span> <span class='ocrx_word' id='word_1_141' title='bbox 867 2015 929 2058; x_wconf 93' lang='lat' dir='ltr'>non</span> <span class='ocrx_word' id='word_1_142' title='bbox 947 1999 1089 2070; x_wconf 90' lang='lat' dir='ltr'>leriendi,</span> <span class='ocrx_word' id='word_1_143' title='bbox 1112 1999 1166 2058; x_wconf 90' lang='lat' dir='ltr'>sed</span> <span class='ocrx_word' id='word_1_144' title='bbox 1181 2008 1194 2057; x_wconf 90' lang='lat'><em>1</em></span> 
     </span>
     <span class='ocr_line' id='line_1_20' title="bbox 207 2083 1168 2155; baseline -0.001 -15"><span class='ocrx_word' id='word_1_145' title='bbox 207 2083 408 2142; x_wconf 88' lang='lat' dir='ltr'>commovendi</span> <span class='ocrx_word' id='word_1_146' title='bbox 424 2089 510 2140; x_wconf 87' lang='lat' dir='ltr'>sunt:</span> <span class='ocrx_word' id='word_1_147' title='bbox 533 2083 641 2142; x_wconf 90' lang='lat' dir='ltr'>eodem</span> <span class='ocrx_word' id='word_1_148' title='bbox 658 2083 748 2141; x_wconf 91' lang='lat' dir='ltr'>modo</span> <span class='ocrx_word' id='word_1_149' title='bbox 765 2083 963 2155; x_wconf 88' lang='lat' dir='ltr'>quorumdam</span> <span class='ocrx_word' id='word_1_150' title='bbox 981 2083 1020 2139; x_wconf 91' lang='lat' dir='ltr'>ad</span> <span class='ocrx_word' id='word_1_151' title='bbox 1037 2084 1168 2140; x_wconf 89' lang='lat' dir='ltr'>releren—</span> 
     </span>
     <span class='ocr_line' id='line_1_21' title="bbox 208 2165 1169 2238; baseline -0.001 -16"><span class='ocrx_word' id='word_1_152' title='bbox 208 2165 265 2224; x_wconf 90' lang='lat' dir='ltr'>dam</span> <span class='ocrx_word' id='word_1_153' title='bbox 279 2166 406 2238; x_wconf 82' lang='lat' dir='ltr'>gratiam</span> <span class='ocrx_word' id='word_1_154' title='bbox 420 2165 498 2223; x_wconf 86' lang='lat' dir='ltr'>fides</span> <span class='ocrx_word' id='word_1_155' title='bbox 515 2181 574 2223; x_wconf 92' lang='lat' dir='ltr'>nnn</span> <span class='ocrx_word' id='word_1_156' title='bbox 591 2174 706 2236; x_wconf 87' lang='lat' dir='ltr'>cessat,</span> <span class='ocrx_word' id='word_1_157' title='bbox 728 2166 783 2223; x_wconf 91' lang='lat' dir='ltr'>sed</span> <span class='ocrx_word' id='word_1_158' title='bbox 799 2167 930 2238; x_wconf 79' lang='lat' dir='ltr'>languet</span> <span class='ocrx_word' id='word_1_159' title='bbox 957 2165 1036 2224; x_wconf 89' lang='lat' dir='ltr'>hane</span> <span class='ocrx_word' id='word_1_160' title='bbox 1052 2166 1169 2238; x_wconf 89' lang='lat' dir='ltr'>pervel-</span> 
     </span>
     <span class='ocr_line' id='line_1_22' title="bbox 208 2247 1170 2320; baseline 0.003 -17"><span class='ocrx_word' id='word_1_161' title='bbox 208 2247 300 2308; x_wconf 87' lang='lat' dir='ltr'>lamus.</span> <span class='ocrx_word' id='word_1_162' title='bbox 324 2249 411 2320; x_wconf 90' lang='lat' dir='ltr'>„Noli</span> <span class='ocrx_word' id='word_1_163' title='bbox 427 2265 537 2306; x_wconf 91' lang='lat' dir='ltr'>munus</span> <span class='ocrx_word' id='word_1_164' title='bbox 554 2255 637 2306; x_wconf 92' lang='lat' dir='ltr'>tuum</span> <span class='ocrx_word' id='word_1_165' title='bbox 652 2249 681 2305; x_wconf 92' lang='lat' dir='ltr'>in</span> <span class='ocrx_word' id='word_1_166' title='bbox 697 2248 834 2307; x_wconf 89' lang='lat' dir='ltr'>iniuriam</span> <span class='ocrx_word' id='word_1_167' title='bbox 851 2258 977 2308; x_wconf 89' lang='lat' dir='ltr'>vertere.</span> <span class='ocrx_word' id='word_1_168' title='bbox 1001 2249 1108 2307; x_wconf 87' lang='lat' dir='ltr'>iniuria</span> <span class='ocrx_word' id='word_1_169' title='bbox 1123 2255 1170 2306; x_wconf 91' lang='lat' dir='ltr'>est</span> 
     </span>
     <span class='ocr_line' id='line_1_23' title="bbox 209 2331 1168 2407; baseline 0.003 -19"><span class='ocrx_word' id='word_1_170' title='bbox 209 2331 321 2405; x_wconf 83' lang='lat' dir='ltr'>enimsi</span> <span class='ocrx_word' id='word_1_171' title='bbox 334 2333 363 2389; x_wconf 90' lang='lat' dir='ltr'>in</span> <span class='ocrx_word' id='word_1_172' title='bbox 377 2331 436 2390; x_wconf 90' lang='lat' dir='ltr'>hoc</span> <span class='ocrx_word' id='word_1_173' title='bbox 449 2347 508 2390; x_wconf 92' lang='lat' dir='ltr'>non</span> <span class='ocrx_word' id='word_1_174' title='bbox 521 2331 645 2404; x_wconf 67' lang='lat' dir='ltr'>repetis</span> <span class='ocrx_word' id='word_1_175' title='bbox 657 2339 689 2390; x_wconf 89' lang='lat' dir='ltr'>ut</span> <span class='ocrx_word' id='word_1_176' title='bbox 700 2332 834 2405; x_wconf 83' lang='lat' dir='ltr'>ingratus</span> <span class='ocrx_word' id='word_1_177' title='bbox 843 2332 909 2391; x_wconf 86' lang='lat' dir='ltr'>sim.</span> <span class='ocrx_word' id='word_1_178' title='bbox 929 2332 1010 2407; x_wconf 88' lang='lat' dir='ltr'>quid,</span> <span class='ocrx_word' id='word_1_179' title='bbox 1024 2333 1048 2390; x_wconf 91' lang='lat' dir='ltr'>si</span> <span class='ocrx_word' id='word_1_180' title='bbox 1062 2333 1168 2405; x_wconf 83' lang='lat' dir='ltr'>ignoro</span> 
     </span>
     <span class='ocr_line' id='line_1_24' title="bbox 210 2414 1169 2496; baseline 0.001 -23"><span class='ocrx_word' id='word_1_181' title='bbox 210 2416 269 2486; x_wconf 87' lang='lat' dir='ltr'>quid</span> <span class='ocrx_word' id='word_1_182' title='bbox 281 2415 463 2496; x_wconf 66' lang='lat' dir='ltr'>desideres?</span> <span class='ocrx_word' id='word_1_183' title='bbox 481 2415 554 2488; x_wconf 87' lang='lat' dir='ltr'>quid</span> <span class='ocrx_word' id='word_1_184' title='bbox 567 2414 593 2472; x_wconf 94' lang='lat' dir='ltr'>si</span> <span class='ocrx_word' id='word_1_185' title='bbox 602 2415 854 2487; x_wconf 80' lang='lat' dir='ltr'>occupationibus</span> <span class='ocrx_word' id='word_1_186' title='bbox 866 2416 1020 2475; x_wconf 90' lang='lat' dir='ltr'>districtus</span> <span class='ocrx_word' id='word_1_187' title='bbox 1029 2421 1058 2472; x_wconf 89' lang='lat' dir='ltr'>et</span> <span class='ocrx_word' id='word_1_188' title='bbox 1069 2417 1097 2493; x_wconf 91' lang='lat' dir='ltr'>in</span> <span class='ocrx_word' id='word_1_189' title='bbox 1110 2416 1169 2474; x_wconf 91' lang='lat' dir='ltr'>alia</span> 
     </span>
     <span class='ocr_line' id='line_1_25' title="bbox 211 2498 1167 2571; baseline 0.003 -18"><span class='ocrx_word' id='word_1_190' title='bbox 211 2506 321 2557; x_wconf 85' lang='lat' dir='ltr'>vocatus</span> <span class='ocrx_word' id='word_1_191' title='bbox 344 2498 537 2557; x_wconf 84' lang='lat' dir='ltr'>occasionem</span> <span class='ocrx_word' id='word_1_192' title='bbox 561 2514 621 2556; x_wconf 92' lang='lat' dir='ltr'>non</span> <span class='ocrx_word' id='word_1_193' title='bbox 643 2498 827 2557; x_wconf 78' lang='lat' dir='ltr'>observavit</span> <span class='ocrx_word' id='word_1_194' title='bbox 859 2500 987 2558; x_wconf 90' lang='lat' dir='ltr'>ostende</span> <span class='ocrx_word' id='word_1_195' title='bbox 1008 2499 1079 2556; x_wconf 88' lang='lat' dir='ltr'>mibi</span> <span class='ocrx_word' id='word_1_196' title='bbox 1095 2499 1167 2571; x_wconf 90' lang='lat' dir='ltr'>qnid</span> 
     </span>
     <span class='ocr_line' id='line_1_26' title="bbox 211 2579 1197 2655; baseline 0 -15"><span class='ocrx_word' id='word_1_197' title='bbox 211 2582 328 2653; x_wconf 82' lang='lat' dir='ltr'>possim,</span> <span class='ocrx_word' id='word_1_198' title='bbox 345 2580 419 2655; x_wconf 87' lang='lat' dir='ltr'>quid</span> <span class='ocrx_word' id='word_1_199' title='bbox 434 2581 524 2639; x_wconf 79' lang='lat' dir='ltr'>velis·</span> <span class='ocrx_word' id='word_1_200' title='bbox 548 2579 646 2652; x_wconf 81' lang='lat' dir='ltr'>Quare</span> <span class='ocrx_word' id='word_1_201' title='bbox 662 2581 826 2653; x_wconf 89' lang='lat' dir='ltr'>desperas,</span> <span class='ocrx_word' id='word_1_202' title='bbox 842 2587 1003 2652; x_wconf 85' lang='lat' dir='ltr'>antequam</span> <span class='ocrx_word' id='word_1_203' title='bbox 1018 2586 1197 2652; x_wconf 65' lang='lat' dir='ltr'>temptasti</span> 
     </span>
     <span class='ocr_line' id='line_1_27' title="bbox 211 2661 1170 2738; baseline -0.004 -16"><span class='ocrx_word' id='word_1_204' title='bbox 211 2678 300 2735; x_wconf 73' lang='lat' dir='ltr'>quare,</span> <span class='ocrx_word' id='word_1_205' title='bbox 314 2679 462 2738; x_wconf 90' lang='lat' dir='ltr'>properas</span> <span class='ocrx_word' id='word_1_206' title='bbox 478 2669 508 2720; x_wconf 92' lang='lat' dir='ltr'>et</span> <span class='ocrx_word' id='word_1_207' title='bbox 525 2663 706 2721; x_wconf 85' lang='lat' dir='ltr'>beneficium</span> <span class='ocrx_word' id='word_1_208' title='bbox 723 2669 753 2721; x_wconf 90' lang='lat' dir='ltr'>et</span> <span class='ocrx_word' id='word_1_209' title='bbox 770 2662 898 2721; x_wconf 89' lang='lat' dir='ltr'>amicum</span> <span class='ocrx_word' id='word_1_210' title='bbox 913 2663 1063 2735; x_wconf 77' lang='lat' dir='ltr'>perderet</span> <span class='ocrx_word' id='word_1_211' title='bbox 1088 2661 1170 2719; x_wconf 90' lang='lat' dir='ltr'>unde</span> 
     </span>
    </p>

    <p class='ocr_par' dir='ltr' id='par_1_5' title="bbox 182 2744 1169 2985">
     <span class='ocr_line' id='line_1_28' title="bbox 182 2744 1169 2820; baseline -0.002 -17"><span class='ocrx_word' id='word_1_212' title='bbox 182 2763 184 2769; x_wconf 73' lang='grc'><em>’</em></span> <span class='ocrx_word' id='word_1_213' title='bbox 211 2747 259 2804; x_wconf 84' lang='lat' dir='ltr'>sais</span> <span class='ocrx_word' id='word_1_214' title='bbox 271 2748 362 2807; x_wconf 91' lang='lat' dir='ltr'>nolim</span> <span class='ocrx_word' id='word_1_215' title='bbox 374 2762 412 2804; x_wconf 90' lang='lat' dir='ltr'>an</span> <span class='ocrx_word' id='word_1_216' title='bbox 425 2746 575 2820; x_wconf 80' lang='lat' dir='ltr'>ignorem,</span> <span class='ocrx_word' id='word_1_217' title='bbox 592 2746 710 2804; x_wconf 89' lang='lat' dir='ltr'>animus</span> <span class='ocrx_word' id='word_1_218' title='bbox 723 2761 761 2803; x_wconf 88' lang='lat' dir='ltr'>an</span> <span class='ocrx_word' id='word_1_219' title='bbox 775 2746 901 2804; x_wconf 88' lang='lat' dir='ltr'>laenltns</span> <span class='ocrx_word' id='word_1_220' title='bbox 915 2744 994 2804; x_wconf 88' lang='lat' dir='ltr'>desit</span> <span class='ocrx_word' id='word_1_221' title='bbox 1004 2744 1097 2802; x_wconf 71' lang='lat' dir='ltr'>mihi?</span> <span class='ocrx_word' id='word_1_222' title='bbox 1117 2760 1169 2803; x_wconf 89' lang='lat' dir='ltr'>ex-</span> 
     </span>
     <span class='ocr_line' id='line_1_29' title="bbox 211 2827 1169 2903; baseline 0 -17"><span class='ocrx_word' id='word_1_223' title='bbox 211 2829 324 2899; x_wconf 67' lang='lat' dir='ltr'>perires</span> <span class='ocrx_word' id='word_1_224' title='bbox 347 2829 528 2889; x_wconf 87' lang='lat' dir='ltr'>Admonebo</span> <span class='ocrx_word' id='word_1_225' title='bbox 539 2845 620 2903; x_wconf 74' lang='lat' dir='ltr'>ergo,</span> <span class='ocrx_word' id='word_1_226' title='bbox 634 2846 694 2888; x_wconf 94' lang='lat' dir='ltr'>non</span> <span class='ocrx_word' id='word_1_227' title='bbox 706 2844 886 2900; x_wconf 88' lang='lat' dir='ltr'>amare,non</span> <span class='ocrx_word' id='word_1_228' title='bbox 902 2831 1009 2903; x_wconf 90' lang='lat' dir='ltr'>palam,</span> <span class='ocrx_word' id='word_1_229' title='bbox 1023 2827 1169 2888; x_wconf 91' lang='lat' dir='ltr'>sinecon-</span> 
     </span>
     <span class='ocr_line' id='line_1_30' title="bbox 210 2910 1168 2985; baseline 0.002 -19"><span class='ocrx_word' id='word_1_230' title='bbox 210 2910 289 2984; x_wconf 87' lang='lat' dir='ltr'>vicio‚</span> <span class='ocrx_word' id='word_1_231' title='bbox 310 2913 371 2984; x_wconf 88' lang='lat' dir='ltr'>sic,</span> <span class='ocrx_word' id='word_1_232' title='bbox 393 2921 425 2972; x_wconf 89' lang='lat' dir='ltr'>ut</span> <span class='ocrx_word' id='word_1_233' title='bbox 440 2929 474 2971; x_wconf 90' lang='lat' dir='ltr'>se</span> <span class='ocrx_word' id='word_1_234' title='bbox 489 2912 609 2971; x_wconf 90' lang='lat' dir='ltr'>redisse</span> <span class='ocrx_word' id='word_1_235' title='bbox 624 2913 653 2971; x_wconf 92' lang='lat' dir='ltr'>in</span> <span class='ocrx_word' id='word_1_236' title='bbox 669 2914 860 2983; x_wconf 89' lang='lat' dir='ltr'>memoriam,</span> <span class='ocrx_word' id='word_1_237' title='bbox 877 2929 937 2972; x_wconf 93' lang='lat' dir='ltr'>non</span> <span class='ocrx_word' id='word_1_238' title='bbox 953 2911 1060 2972; x_wconf 90' lang='lat' dir='ltr'>reduci</span> <span class='ocrx_word' id='word_1_239' title='bbox 1075 2919 1168 2985; x_wconf 89' lang='lat' dir='ltr'>putet.</span> 
     </span>
    </p>

    <p class='ocr_par' dir='ltr' id='par_1_6' title="bbox 257 2995 1196 3070">
     <span class='ocr_line' id='line_1_31' title="bbox 257 2995 1196 3070; baseline -0.002 -16"><span class='ocrx_word' id='word_1_240' title='bbox 257 2996 364 3054; x_wconf 85' lang='lat' dir='ltr'><strong>XXIV.</strong></span> <span class='ocrx_word' id='word_1_241' title='bbox 387 2996 516 3054; x_wconf 88' lang='lat' dir='ltr'>Causam</span> <span class='ocrx_word' id='word_1_242' title='bbox 526 2995 650 3067; x_wconf 46' lang='lat' dir='ltr'>,dicebat</span> <span class='ocrx_word' id='word_1_243' title='bbox 665 2997 747 3070; x_wconf 91' lang='lat' dir='ltr'>apud</span> <span class='ocrx_word' id='word_1_244' title='bbox 763 2997 865 3054; x_wconf 93' lang='lat' dir='ltr'>divum</span> <span class='ocrx_word' id='word_1_245' title='bbox 880 2996 986 3055; x_wconf 92' lang='lat' dir='ltr'>lulium</span> <span class='ocrx_word' id='word_1_246' title='bbox 1002 3012 1040 3054; x_wconf 90' lang='lat' dir='ltr'>ex</span> <span class='ocrx_word' id='word_1_247' title='bbox 1054 3003 1168 3054; x_wconf 89' lang='lat' dir='ltr'>vetera·</span> <span class='ocrx_word' id='word_1_248' title='bbox 1183 3009 1196 3059; x_wconf 92' lang='lat'><em>1</em></span> 
     </span>
    </p>

    <p class='ocr_par' dir='ltr' id='par_1_7' title="bbox 152 3074 1200 3737">
     <span class='ocr_line' id='line_1_32' title="bbox 153 3074 1171 3152; baseline 0.001 -18"><span class='ocrx_word' id='word_1_249' title='bbox 153 3118 156 3122; x_wconf 86' lang='lat'><em>-</em></span> <span class='ocrx_word' id='word_1_250' title='bbox 210 3074 247 3135; x_wconf 87' lang='lat' dir='ltr'>nis</span> <span class='ocrx_word' id='word_1_251' title='bbox 269 3080 392 3152; x_wconf 88' lang='lat' dir='ltr'>quidam</span> <span class='ocrx_word' id='word_1_252' title='bbox 421 3081 512 3150; x_wconf 90' lang='lat' dir='ltr'>paulo</span> <span class='ocrx_word' id='word_1_253' title='bbox 538 3079 698 3137; x_wconf 90' lang='lat' dir='ltr'>violentior</span> <span class='ocrx_word' id='word_1_254' title='bbox 721 3080 871 3137; x_wconf 88' lang='lat' dir='ltr'>adversus</span> <span class='ocrx_word' id='word_1_255' title='bbox 897 3078 1014 3138; x_wconf 84' lang='lat' dir='ltr'>vicinos</span> <span class='ocrx_word' id='word_1_256' title='bbox 1041 3094 1116 3136; x_wconf 90' lang='lat' dir='ltr'>suos</span> <span class='ocrx_word' id='word_1_257' title='bbox 1141 3084 1171 3135; x_wconf 90' lang='lat' dir='ltr'>ct</span> 
     </span>
     <span class='ocr_line' id='line_1_33' title="bbox 154 3162 1170 3235; baseline 0 -19"><span class='ocrx_word' id='word_1_258' title='bbox 154 3191 156 3205; x_wconf 60' lang='grc' dir='ltr'><strong>ι</strong></span> <span class='ocrx_word' id='word_1_259' title='bbox 210 3162 502 3235; x_wconf 79' lang='lat' dir='ltr'>causa-premebatur.</span> <span class='ocrx_word' id='word_1_260' title='bbox 519 3162 686 3232; x_wconf 80' lang='lat' dir='ltr'>Meministi,</span> <span class='ocrx_word' id='word_1_261' title='bbox 702 3162 813 3235; x_wconf 86' lang='lat' dir='ltr'>inquit,</span> <span class='ocrx_word' id='word_1_262' title='bbox 828 3164 996 3234; x_wconf 80' lang='lat' dir='ltr'>imperator,</span> <span class='ocrx_word' id='word_1_263' title='bbox 1012 3163 1043 3218; x_wconf 85' lang='lat' dir='ltr'>iu</span> <span class='ocrx_word' id='word_1_264' title='bbox 1053 3162 1170 3232; x_wconf 87' lang='lat' dir='ltr'>Hispu-</span> 
     </span>
     <span class='ocr_line' id='line_1_34' title="bbox 153 3240 1169 3306; baseline -0.008 0"><span class='ocrx_word' id='word_1_265' title='bbox 153 3297 155 3306; x_wconf 93' lang='lat'>.</span> <span class='ocrx_word' id='word_1_266' title='bbox 208 3245 248 3301; x_wconf 78' lang='lat' dir='ltr'>nte</span> <span class='ocrx_word' id='word_1_267' title='bbox 265 3248 356 3304; x_wconf 85' lang='lat' dir='ltr'>tulum</span> <span class='ocrx_word' id='word_1_268' title='bbox 375 3248 532 3304; x_wconf 76' lang='lat' dir='ltr'>extorsisse</span> <span class='ocrx_word' id='word_1_269' title='bbox 548 3248 631 3304; x_wconf 86' lang='lat' dir='ltr'>cirea</span> <span class='ocrx_word' id='word_1_270' title='bbox 648 3240 830 3303; x_wconf 77' lang='lat' dir='ltr'>Sucronem?</span> <span class='ocrx_word' id='word_1_271' title='bbox 858 3258 925 3300; x_wconf 91' lang='lat' dir='ltr'>cnm</span> <span class='ocrx_word' id='word_1_272' title='bbox 943 3243 1054 3301; x_wconf 84' lang='lat' dir='ltr'>Caesar</span> <span class='ocrx_word' id='word_1_273' title='bbox 1068 3240 1169 3300; x_wconf 89' lang='lat' dir='ltr'>memi-</span> 
     </span>
     <span class='ocr_line' id='line_1_35' title="bbox 152 3324 1171 3400; baseline 0.003 -20"><span class='ocrx_word' id='word_1_274' title='bbox 152 3352 158 3390; x_wconf 79' lang='lat'>;</span> <span class='ocrx_word' id='word_1_275' title='bbox 209 3325 281 3386; x_wconf 91' lang='lat' dir='ltr'>nisse</span> <span class='ocrx_word' id='word_1_276' title='bbox 295 3344 331 3386; x_wconf 89' lang='lat' dir='ltr'>se</span> <span class='ocrx_word' id='word_1_277' title='bbox 343 3327 486 3398; x_wconf 85' lang='lat' dir='ltr'>dixisset,</span> <span class='ocrx_word' id='word_1_278' title='bbox 507 3331 662 3387; x_wconf 85' lang='lat' dir='ltr'>meministi</span> <span class='ocrx_word' id='word_1_279' title='bbox 673 3330 805 3400; x_wconf 83' lang='lat' dir='ltr'>quidem,</span> <span class='ocrx_word' id='word_1_280' title='bbox 827 3324 956 3399; x_wconf 70' lang='lat' dir='ltr'>[inquit]</span> <span class='ocrx_word' id='word_1_281' title='bbox 972 3327 1024 3385; x_wconf 85' lang='lat' dir='ltr'>sub</span> <span class='ocrx_word' id='word_1_282' title='bbox 1040 3326 1171 3398; x_wconf 81' lang='lat' dir='ltr'>quodum</span> 
     </span>
     <span class='ocr_line' id='line_1_36' title="bbox 152 3408 1169 3484; baseline 0 -19"><span class='ocrx_word' id='word_1_283' title='bbox 152 3435 157 3475; x_wconf 66' lang='lat' dir='ltr'>f</span> <span class='ocrx_word' id='word_1_284' title='bbox 207 3410 303 3470; x_wconf 80' lang='lat' dir='ltr'>arbore</span> <span class='ocrx_word' id='word_1_285' title='bbox 317 3414 468 3469; x_wconf 88' lang='lat' dir='ltr'>minimum</span> <span class='ocrx_word' id='word_1_286' title='bbox 482 3413 603 3470; x_wconf 81' lang='lat' dir='ltr'>umbrae</span> <span class='ocrx_word' id='word_1_287' title='bbox 616 3417 774 3484; x_wconf 65' lang='lat' dir='ltr'>spernente</span> <span class='ocrx_word' id='word_1_288' title='bbox 787 3424 853 3468; x_wconf 90' lang='lat' dir='ltr'>eum</span> <span class='ocrx_word' id='word_1_289' title='bbox 864 3413 950 3469; x_wconf 86' lang='lat' dir='ltr'>uelles</span> <span class='ocrx_word' id='word_1_290' title='bbox 959 3411 1091 3468; x_wconf 84' lang='lat' dir='ltr'>residere</span> <span class='ocrx_word' id='word_1_291' title='bbox 1099 3408 1169 3480; x_wconf 87' lang='lat' dir='ltr'>fer-</span> 
     </span>
     <span class='ocr_line' id='line_1_37' title="bbox 152 3493 1171 3568; baseline -0.002 -17"><span class='ocrx_word' id='word_1_292' title='bbox 152 3537 157 3544; x_wconf 93' lang='lat'>.</span> <span class='ocrx_word' id='word_1_293' title='bbox 206 3497 360 3554; x_wconf 68' lang='lat' dir='ltr'>unissima</span> <span class='ocrx_word' id='word_1_294' title='bbox 373 3498 434 3553; x_wconf 87' lang='lat' dir='ltr'>sote</span> <span class='ocrx_word' id='word_1_295' title='bbox 445 3502 474 3553; x_wconf 89' lang='lat' dir='ltr'>et</span> <span class='ocrx_word' id='word_1_296' title='bbox 487 3502 562 3554; x_wconf 88' lang='lat' dir='ltr'>esset</span> <span class='ocrx_word' id='word_1_297' title='bbox 571 3497 753 3568; x_wconf 85' lang='lat' dir='ltr'>asperrimus</span> <span class='ocrx_word' id='word_1_298' title='bbox 767 3497 861 3564; x_wconf 86' lang='lat' dir='ltr'>locus,</span> <span class='ocrx_word' id='word_1_299' title='bbox 880 3497 910 3552; x_wconf 89' lang='lat' dir='ltr'>in</span> <span class='ocrx_word' id='word_1_300' title='bbox 925 3509 982 3566; x_wconf 80' lang='lat' dir='ltr'>pun</span> <span class='ocrx_word' id='word_1_301' title='bbox 995 3510 1034 3551; x_wconf 82' lang='lat' dir='ltr'>ex</span> <span class='ocrx_word' id='word_1_302' title='bbox 1047 3493 1171 3566; x_wconf 82' lang='lat' dir='ltr'>rupibus</span> 
     </span>
     <span class='ocr_line' id='line_1_38' title="bbox 153 3579 1170 3651; baseline 0 -16"><span class='ocrx_word' id='word_1_303' title='bbox 153 3623 156 3627; x_wconf 91' lang='lat'>.</span> <span class='ocrx_word' id='word_1_304' title='bbox 204 3581 288 3638; x_wconf 82' lang='lat' dir='ltr'>emtis</span> <span class='ocrx_word' id='word_1_305' title='bbox 310 3580 401 3636; x_wconf 85' lang='lat' dir='ltr'>unica</span> <span class='ocrx_word' id='word_1_306' title='bbox 421 3580 585 3637; x_wconf 83' lang='lat' dir='ltr'>iltuurbor</span> <span class='ocrx_word' id='word_1_307' title='bbox 598 3583 754 3651; x_wconf 82' lang='lat' dir='ltr'>eruperat,</span> <span class='ocrx_word' id='word_1_308' title='bbox 776 3579 931 3651; x_wconf 82' lang='lat' dir='ltr'>quemdum</span> <span class='ocrx_word' id='word_1_309' title='bbox 946 3593 985 3634; x_wconf 82' lang='lat' dir='ltr'>ere</span> <span class='ocrx_word' id='word_1_310' title='bbox 999 3579 1170 3634; x_wconf 83' lang='lat' dir='ltr'>conrmitito-</span> 
     </span>
     <span class='ocr_line' id='line_1_39' title="bbox 152 3657 1200 3737; baseline -0.001 -18"><span class='ocrx_word' id='word_1_311' title='bbox 152 3692 154 3712; x_wconf 59' lang='lat' dir='ltr'>t</span> <span class='ocrx_word' id='word_1_312' title='bbox 202 3661 278 3722; x_wconf 78' lang='lat' dir='ltr'>nitus</span> <span class='ocrx_word' id='word_1_313' title='bbox 296 3664 443 3737; x_wconf 83' lang='lat' dir='ltr'>penulam</span> <span class='ocrx_word' id='word_1_314' title='bbox 462 3677 547 3720; x_wconf 88' lang='lat' dir='ltr'>suum</span> <span class='ocrx_word' id='word_1_315' title='bbox 565 3658 777 3721; x_wconf 80' lang='lat' dir='ltr'>substravisse?</span> <span class='ocrx_word' id='word_1_316' title='bbox 809 3661 881 3720; x_wconf 87' lang='lat' dir='ltr'>Cum</span> <span class='ocrx_word' id='word_1_317' title='bbox 902 3659 1031 3718; x_wconf 88' lang='lat' dir='ltr'>dixisset</span> <span class='ocrx_word' id='word_1_318' title='bbox 1046 3657 1200 3718; x_wconf 76' lang='lat' dir='ltr'>Caesamt</span> 
     </span>
    </p>
   </div>
   <div class='ocr_carea' id='block_1_4' title="bbox 0 0 1476 4384">
    <p class='ocr_par' dir='ltr' id='par_1_8' title="bbox 0 0 1476 4384">
     <span class='ocr_line' id='line_1_40' title="bbox 0 0 1476 4384; baseline 0 0"><span class='ocrx_word' id='word_1_319' title='bbox 0 0 1476 4384; x_wconf 95' lang='lat' dir='ltr'> </span> 
     </span>
    </p>
   </div>
  </div>
 </body>
</html>
